2606 4784
55 415 153 530 oni.
171 459 237 529 rv.
262 453 673 530 numennumen.
690 419 922 534 Acmona
954 457 1023 559 129
1159 435 1162 440 ’

36 657 179 720 tionibus
204 657 248 722 ad
268 657 336 722 alia
357 651 522 750 corpora3
554 639 606 724 ita
628 659 753 726 caloris
775 654 931 728 'efficacia
952 671 1025 726 mai

34 783 117 840 xime
133 782 327 866 opponitur
340 775 412 853 illi,
438 777 526 842 lucis
542 775 635 845 huic.
688 777 801 856 Hine,
823 801 890 863 quo
911 785 1024 868 magia

37 894 230 982 corporibus
250 891 311 957 lux
336 890 522 971 adhaeret,
557 907 596 958 ut
618 892 878 985 cohaerentiam
901 894 1022 973 tollat,
1118 876 1126 892 ’
1166 929 1170 936 -

37 1031 67 1085 eo
88 1014 200 1098 magis
227 1008 455 1092 incaiescunt:
479 1022 554 1073 atra
577 1009 742 1098 corpora,
767 1031 853 1096 quae
866 1009 953 1074 lucis
970 1016 1029 1075 rii-1

37 1125 75 1191 hil
88 1107 296 1204 reflectunt,
322 1127 434 1192 multo
448 1128 574 1192 fortius
591 1127 801 1194 incalescunt
817 1148 918 1214 quam
937 1127 1023 1194 alba.

40 1245 220 1315 Solvuntur
248 1255 366 1316 omnia
396 1269 561 1336 corpora,
600 1246 704 1313 fluida
731 1249 941 1328 redduntur,
979 1255 1024 1316 in

40 1365 150 1457 species
165 1370 375 1438 aeriformes
393 1364 597 1456 disfipantur
611 1367 736 1434 caloris
758 1391 835 1458 ope.
968 1383 971 1388 ’

133 1489 361 1554 Elementum
385 1488 557 1582 quoddam
584 1485 649 1554 esse
673 1509 897 1578 corporeum,
930 1491 1025 1577 quod

46 1605 215 1674 coloricum
250 1604 518 1696 nuncupandum
550 1601 607 1681 fit,
647 1603 731 1670 olim
758 1607 929 1670 creditum
963 1607 1021 1673 est.

46 1717 173 1813 Nuperis
197 1713 282 1791 vero
305 1724 519 1811 temporibus
544 1732 579 1785 et
603 1719 803 1786 Rumferdii
826 1735 862 1786 et
885 1721 1028 1816 Henryi

48 1847 277 1929 experimentis
302 1827 451 1917 constat,
477 1857 622 1928 vacuum
645 1833 948 1902 Torricellianuni·
966 1837 1026 1903 eo?

47 1955 106 2021 dem
128 1960 236 2024 modo
258 1957 409 2022 calorem
429 1974 609 2044 permeare
627 1973 666 2016 ao
684 1952 800 2016 omnia
816 1951 882 2016 alia
900 1974 1022 2042 corpo-

49 2093 88 2138 ra:
107 2076 189 2146 hinc
216 2083 400 2142 materiem
424 2071 488 2140 esse
508 2070 659 2147 nullam,
683 2081 741 2134 aut
756 2089 897 2136 omnem
914 2084 1022 2138 mate·

50 2195 115 2256 riem
130 2195 283 2260 calorem
307 2192 382 2258 eise.
730 2219 734 2229 ·

139 2310 276 2402 Davyi,
309 2303 524 2383 nescirent,
556 2300 742 2381 Prechtlii,
779 2299 923 2383 Picteti,
955 2303 1024 2370 En·
1147 2319 1150 2333 ·

53 2421 192 2509 glefieldii
222 2415 516 2492 observationibus
549 2421 666 2488 edocti
696 2419 827 2498 fumun,
872 2422 1025 2487 calorem
1056 2507 1058 2512 Ι

54 2544 152 2610 eodem
177 2547 283 2612 modo
302 2545 463 2614 radiatim
490 2540 665 2616 diffundi,
688 2535 782 2604 flecti
803 2551 838 2604 et
855 2541 970 2631 frangi
985 2563 1025 2606 ao
1085 2621 1087 2626 Ι
1119 2541 1120 2546 ’

54 2655 150 2729 lucem.
203 2665 373 2732 Comitari
390 2667 495 2726 etiam
511 2659 694 2724 videbatur
708 2655 841 2763 Anglis·
850 2657 1026 2746 spectrum
1149 2703 1151 2707 ,
1182 2701 1188 2730 i

55 2778 262 2860 priimaricum
285 2784 407 2846 umbra
428 2777 594 2865 quaedam
617 2773 760 2848 caloris,
787 2779 825 2838 in
839 2769 952 2840 limite
969 2797 1035 2842 car
1149 2834 1152 2843 .

57 2889 117 2964 loris
144 2901 241 2966 rubri
265 2906 452 2990 praecipue
479 2893 656 2962 observata
698 2879 808 2971 (thbj
831 2893 921 2958 Anu.
950 2893 1023 2960 VII.

66 3013 120 3101 ¹44
141 3015 355 3102 XII-406.)
407 3013 501 3110 Hinc
522 3011 672 3100 'amplius‘
693 3006 757 3074 esse
781 3004 953 3097 spectrum
970 3031 1024 3076 ca·
1068 3008 1080 3064 ’.
1170 2993 1209 3049 ‘'=

63 3121 120 3198 loris
148 3136 374 3202 crediderunt
406 3155 498 3222 pone
517 3128 659 3222 prisma
686 3115 787 3212 qu'am
808 3125 913 3194 lucis:
957 3129 1024 3195 dif-

61 3241 153 3323 ficilius
186 3258 319 3347 frangi,
361 3253 540 3320 difficilius
567 3240 722 3336 disfipari
745 3267 766 3329 a
784 3245 1027 3335 superficiebus

58 3379 82 3428 et
92 3382 304 3442 remotiorem
317 3372 447 3438 habere
462 3371 580 3435 focum
597 3387 699 3450 quam
714 3364 776 3428 lux
794 3364 810 3442 (
819 3361 977 3449 Herschel
991 3372 1027 3433 in

58 3485 121 3556 Gilb.
134 3495 223 3572 Anu.
240 3495 285 3560 X.
301 3487 359 3560 80.
385 3489 464 3556 XII.
481 3485 601 3569 5400.
660 3479 764 3548 Unde
786 3467 866 3547 non
881 3479 948 3548 fine
973 3505 1025 3562 rag·

58 3609 140 3678 tionis
161 3615 304 3702 quadem
328 3609 441 3700 specie
466 3603 660 3672 Prechtlius
686 3605 866 3689 opinatur,
891 3601 1028 3670 radian-

58 3717 114 3793 tem
134 3734 296 3812 effectnm
309 3733 401 3814 ¹lucis
425 3726 541 3794 elisum
558 3737 616 3792 aut
629 3719 841 3790 infirmatum
858 3725 1026 3811 produce·

60 3855 87 3904 te
98 3848 236 3916 calorem
252 3851 361 3934 (Gilb.
377 3846 468 3919 Anu.
489 3841 567 3914 XX·
587 3839 693 3922 310.)
703 3863 714 3930 5
740 3848 775 3902 et
795 3836 867 3928 ipse
882 3837 1026 3932 Davyus
1129 3876 1132 3881 ·

545 3962 550 3969 “
575 3960 593 4025 I
