2538 4784
35 417 207 551 caan
242 377 903 531 summurnmonsrroua
932 419 1023 494 aaa
1062 517 1072 534 ,
1178 439 1181 453 ·

7 637 76 680 rum
102 613 336 704 g'astricorum
359 628 395 682 et
417 589 666 686 intestinalium
688 613 841 695 scatens,
881 620 1009 702 quibua

7 737 200 798 acrimonia
229 733 386 798 ciborum
418 738 617 830 mitigatur,
660 721 859 820 oleosaeque
887 747 1007 824 partes

7 871 79 914 eum
102 845 242 934 aquofis
265 855 391 918 intime
413 849 611 916 miscentur.
688 849 841 920 Accedit
860 857 898 918 in
922 853 1007 920 duo·

7 969 93 1034 deno
119 969 224 1046 bilis,
242 989 349 1054 quae,
358 965 563 1062 hytlrogene
581 966 744 1035 sulfurico
762 991 900 1060 acorem
915 969 1010 1036 tollit

7 1101 38 1150 et
60 1085 257 1179 oxy-datam
277 1083 402 1152 massae
423 1083 660 1150 alimentariae
686 1078 842 1151 indolem
864 1089 1010 1164 minuit,
1107 1119 1109 1133 =

7 1201 172 1268 albumen
193 1177 361 1292 largitur,
395 1193 487 1285 quod
510 1223 589 1266 cum
612 1201 739 1296 chymo
762 1201 889 1268 floccos
912 1201 1010 1270 albos

9 1335 40 1388 et
72 1333 181 1388 extra
212 1339 338 1408 corpus
369 1318 499 1386 format
529 1319 770 1402 (Aaronem.
804 1316 858 1386 Π.Δ
889 1319 1010 1402 ιοο.),
1096 1377 1110 1422 t.

9 1437 102 1504 lmul
126 1440 238 1502 etiam
260 1433 397 1524 saponis
412 1457 510 1503 more
524 1441 685 1504 intimam
701 1445 865 1526 unionem
881 1434 1009 1504 oleola·

9 1577 82 1622 rum
106 1561 264 1646 partium
285 1567 320 1620 et
336 1533 534 1641 annosarum
551 1557 700 1624 adiuvat.
744 1553 846 1624 ‘Hinc
862 1553 1010 1652 chymus

9 1679 43 1746 in
59 1673 228 1738 duodeno
244 1671 434 1767 oxydanrs,
461 1695 502 1738 eo
524 1677 640 1738 minue
659 1673 854 1766 oxydorum
868 1679 1011 1750 retinet,

10 1811 76 1876 quo
101 1793 218 1880 magis
241 1794 280 1856 in
298 1785 402 1854 oralia
418 1787 635 1854 descenderit
650 1786 822 1852 intestina.
875 1785 1011 1856 succus

7 1912 257 1996 pancreaticus
280 1909 420 1992 mitigat
443 1907 669 1969 tenacitatem
695 1902 794 1978 bilis,
828 1897 1024 1969 albuminis'

7 2023 327 2112 praedominium
317 2029 356 2084 ui
378 2013 483 2110 chylo
502 2017 658 2098 adiuvat,
685 2023 906 2122 parietesque
922 2023 1011 2084 inte·

7 2139 184 2206 {tinorum
198 2129 357 2205 lubricat'

128 2255 182 2324 Ea
210 2227 347 2324 ratione¹
376 2262 488 2326 oritur
519 2255 645 2324 humor
664 2259 781 2338 albus,
817 2248 936 2336 salsus,
974 2233 1014 2324 ιἰι

8 2385 111 2466 equis
129 2377 240 2444 odore
254 2375 412 2469 lingulati
426 2377 537 2444 virolo
552 2392 610 2444 aui
623 2363 738 2448 lemen
752 2379 852 2463 virile
868 2399 1016 2464 aequan·
1039 2348 1047 2370 ι

8 2511 48 2565 ιιι
71 2499 274 2589 praedituS,
309 2521 412 2582 quem
433 2498 567 2586 chylum
590 2521 764 2566 vocamus.
821 2497 878 2566 Elt
901 2512 1016 2566 extra·

17 2629 110 2682 etum
135 2637 258 2718 verum
280 2616 457 2692 ciborum,
483 2637 549 2704 ope
573 2615 784 2681 admirabilis
799 2629 942 2682 naturae
963 2637 1016 2680 ar·

19 2739 61 2799 tis
86 2699 311 2810 confectum,
336 2729 428 2818 quod
449 2751 634 2823 perperam
659 2731 813 2798 amultis
830 2753 908 2797 cum
922 2731 1016 2797 lacte

21 2855 242 2942 componitur
262 2847 444 2933 (Lowero
476 2859 512 2914 et
536 2847 715 2932 Hallero).
772 2847 867 2916 Bene
897 2861 1017 2914 tamen

20 2989 131 3057 nuper
151 2968 352 3034 Emmertus
370 2969 411 3030 'et
432 2962 586 3030 Reulfius
617 2964 857 3042 ostenderunt,
900 2981 1018 3050 neque

21 3081 220 3152 saccharum
243 3064 441 3158 continere,
466 3061 580 3168 nenne
600 3081 703 3148 aliter
716 3087 754 3146 in
768 3082 903 3147 acidam
920 3083 1020 3144 abire
1057 3105 1061 3112 ·

22 3203 349 3274 fermentationem,
372 3195 447 3262 nifi
444 3211 625 3282 quatenus
642 3199 794 3288 gelatina
810 3195 907 3274 infit,
932 3197 1019 3262 licet
1039 3237 1043 3247 v
1067 3235 1074 3258 s

23 3325 194 3418 oxydatus
214 3303 277 3382 fit
263 3333 409 3401 ,neque
432 3312 547 3378 oleum
563 3318 762 3389 continere,
786 3311 870 3377 licet
887 3309 1021 3402 globuli

26 3440 148 3519 adfini,
202 3459 222 3504 a
251 3432 388 3500 Bohnio
418 3454 483 3522 pro
513 3429 710 3499 testimonio
746 3434 864 3524 butyri
895 3411 1019 3500 habiti.

27 3555 198 3624 Globuli'
188 3561 215 3646 ri
237 3557 275 3618 in
299 3553 420 3640 quovis
442 3547 587 3618 humore
609 3547 749 3627 adsunt,
776 3569 877 3633 equo
892 3545 1022 3612 solidae
1060 3625 1075 3644 ⁶

27 3687 140 3758 partes
183 3673 458 3738 formantur.
518 3665 747 3758 Homogenea
786 3669 928 3730 omnino
972 3661 1023 3727 est
1081 3647 1109 3718 .'

28 3793 146 3874 maiia,
161 3787 301 3876 'diversa
325 3796 445 3852 tamen
464 3807 670 3877 parumper,
694 3807 760 3877 pro
775 3787 944 3850 varietate
961 3779 1023 3853 ὼ.
