2612 4782
269 383 659 480 semermosrr
691 405 906 480 tronus.
975 423 979 430 ·
1023 405 1090 484 181

66 601 304 700 limatam
322 605 520 700 plantarum
536 604 666 674 semina
680 603 805 694 possint
828 613 866 672 in
886 601 1018 697 frigore
1034 627 1093 674 ve·

70 720 357 796 hamentisllmo.
409 725 504 792 Hinc
523 732 575 792 vis
595 719 711 792 vitalis
733 731 849 792 minus
875 747 976 810 quam
1000 747 1092 792 com·

66 837 271 928 positionis
286 847 378 908 ratio
392 839 553 908 habenda
576 839 657 916 est‚,
677 855 717 906 ut
740 863 781 906 ea
808 847 1010 908 immunitas
1033 829 1093 910 ert·
1188 899 1190 909 .

62 969 250 1042 ponatur.
305 954 460 1025 Simulao
479 963 573 1024 enim
587 953 754 1045 putamen
785 956 952 1026 seminum
979 958 1091 1026 durio-
1201 1005 1207 1018 ,

63 1061 165 1140 runi
190 1073 342 1140 avulsum
358 1073 434 1152 est,
478 1075 617 1151 facilius
646 1081 827 1164 corruptio
859 1073 989 1140 semina
1020 1075 1091 1164 ipsa

66 1205 255 1282 occupat,
283 1212 362 1260 cum
379 1201 437 1258 air
455 1206 619 1260 externus
641 1193 854 1260 admittatur.
1069 1193 1071 1198 ’

200 1311 261 1380 Ad
298 1313 519 1379 conditiones
555 1318 648 1378 vitae
688 1315 857 1380 eiusmodi
891 1312 1090 1380 materiales

66 1438 243 1524 pertinet
269 1436 431 1519 inprimis
454 1431 647 1520 elastieicas
668 1439 842 1520 partium,
876 1431 999 1504 fenea
1023 1438 1089 1523 vis,

62 1563 115 1616 .ut
145 1547 360 1624 tenduntur,
392 1545 572 1634 pristinam
597 1547 747 1614 formam
776 1545 975 1624 adsumendi
1006 1545 1087 1614 sss-

69 1691 149 1756 que
178 1663 424 1734 contrahendi.
470 1647 746 1734 'Contractivae
775 1675 828 1734 vis
857 1650 1029 1759 generalis
1054 1673 1086 1734 is
1204 1717 1207 1722 -

61 1785 210 1852 'modus
224 1783 311 1848 latet
328 1795 363 1847 et
377 1803 487 1869 paene
504 1783 619 1850 nullus
638 1783 740 1850 estin
758 1781 891 1860 fluidis,
914 1783 979 1850 sed.
990 1781 1085 1870 paul·

66 1901 318 1991 lati'mprotlit
333 1907 370 1966 in
387 1915 487 1989 parte
505 1900 680 1992 sanguinis
698 1900 840 1978 fibrosa,
868 1922 973 1986 quae,
994 1899 1058 1986 pos
1071 1939 1084 1951 -

65 2039 188 2110 quam
222 2040 242 2082 a
272 2034 393 2084 cruore
424 2015 572 2093 secessit,
612 2017 795 2107 congelata
820 2015 910 2080 hanc
935 2013 1086 2082 ostendit

65 2135 406 2208 contractilitatem.
473 2131 554 2224 Quo
584 2139 696 2198 maior
725 2139 763 2199 in
786 2134 944 2222 partibus
967 2128 1084 2200 solidis
1194 2133 1215 2164 ¹'

65 2255 289 2329 elalticitas‚
315 2274 356 2321 eo
373 2241 524 2317 vividior
549 2257 602 2318 vis
626 2253 742 2330 vit-alis
768 2251 833 2318 elie
857 2250 952 2320 solat.
1012 2249 1084 2316 Ubi
1175 2312 1177 2322 ,

61 2376 239 2466 superior
255 2367 303 2436 est
323 2373 518 2436 contractio
542 2367 759 2444 dilatationi,
786 2368 847 2434 illa
861 2367 999 2457 longior
1018 2361 1084 2432 esse
1142 2435 1143 2442 χ

63 2493 164 2559 folet
192 2485 391 2562 et‘fortior‚
422 2483 615 2570 quodcum
638 2489 676 2548 in
696 2482 856 2549 musculis
879 2481 1083 2572 praesertim

64 2613 285 2696 contingat,
298 2599 405 2692 ¹'ficus
417 2603 500 2692 fixi
523 2608 595 2670 uim
615 2602 698 2668 inde
720 2601 924 2667 Barthezius
949 2585 1081 2666 deriva-

65 2737 145 2808 vit,
177 2735 278 2798 reote
298 2733 464 2788 monente
486 2716 667 2796 Donato,
702 2715 796 2784 haud
819 2711 1006 2786 necessario
1031 2716 1084 2780 tli-¹

66 2835 445 2934 {tinguendamessaf
484 2831 602 2905 Satius
628 2834 676 2902 est
704 2834 884 2902 durabiles·
911 2854 968 2900 aas
988 2853 1080 2898 -con-
1110 2897 1115 2918 1

62 2963 274 3040 ,ῖτειοῐίοηεε
292 2977 336 3019 ex
353 2953 555 3020 elalticitate
573 2953 748 3030 derivare,
785 2973 871 3040 quae
889 2951 934 3018 ob
951 2973 1081 3045 oxyga-

73 3086 124 3146 nis
144 3072 401 3142 abundantiam
418 3078 456 3138 in
474 3077 576 3160 parte
592 3068 734 3148 florosa,
752 3074 857 3138 etiam
879 3081 1013 3144 morte,
1033 3073 1078 3134 ri·
1190 3143 1192 3156 Ι

68 3199 267 3289 giditatem
289 3188 712 3277 musculorum'produoit.

193 3313 238 3378 In
256 3307 369 3374 fluidis
386 3306 464 3395 ipiis
480 3323 516 3372 et
530 3305 651 3376 osthus
667 3305 791 3394 rigidis
808 3311 885 3393 pari
904 3304 1010 3370 modo
1026 3311 1079 3374 tis

60 3427 243 3502 animalis
274 3425 350 3496 fere
380 3423 475 3492 nulla
505 3419 615 3490 adello
644 3433 710 3508 aut,
736 3419 846 3488 latere
879 3418 1000 3490 saltem
1028 3427 1078 3488 vi·
1115 3419 1138 3515 J

65 3558 195 3624 detur·
266 3581 269 3588 ·
672 3613 675 3619 f
783 3553 786 3565 “
847 3603 849 3607 .

197 3661 320 3749 Neque
335 3673 453 3737 tamen
468 3663 541 3724 vita
557 3671 719 3749 expertes
737 3653 815 3725 tunt
831 3665 988 3750 ,corporis
1006 3661 1077 3722 ani-

67 3789 186 3858 malis
209 3781 391 3864 humores„
419 3830 423 3848 t
450 3777 626 3864 Namque,
654 3765 688 3842 'fi
709 3791 826 3868 partes
853 3799 956 3846 verae
979 3764 1078 3868 arga?
