2644 4786
144 445 170 526 '¹
270 496 314 574 ιε
589 465 936 569 uiruorrus

271 700 516 768 convenientia
530 707 566 763 et
582 693 755 763 consenfio
771 653 1094 793 phaenomenurum
1107 689 1289 761 vitalium

270 825 307 880 et
329 801 608 881 Gulvani'corum.
687 817 718 856 ¹'

307 927 643 1025 Hypothefibus
663 929 799 1020 semper
827 924 915 998 inest
937 929 1068 1018 aliquid
1091 930 1286 994 arbitrarii

272 1061 309 1116 et
337 1053 505 1138 precarii:
542 1069 654 1134 neque
684 1047 830 1136 amplius
858 1043 1101 1141 hypothesium
1126 1050 1289 1110 nomine

270 1163 506 1256 infigniendae
529 1162 606 1228 sunt
625 1169 826 1252 opinionem,
867 1161 890 1226 fi
917 1159 1095 1228 neceffitas
1122 1162 1283 1228 accedit.

273 1279 417 1348 Necesse
442 1275 490 1344 est
510 1277 720 1356 hodienum,
755 1279 1083 1370 imponderabilium
1115 1275 1285 1342 adfinita-

273 1412 346 1465 tem
369 1397 535 1463 summam
558 1391 725 1473 statuere,
762 1393 945 1482 lucemque
969 1409 1006 1462 et
1039 1395 1190 1461 calorem
1229 1400 1292 1468 ab!

275 1519 397 1586 eadem
413 1522 448 1584 vi
466 1513 599 1614 efficaci
618 1513 808 1579 deducere:
834 1515 926 1600 quod
937 1517 1167 1584 ,arbitrarium
1186 1513 1273 1578 fuis-

195 1613 198 1623 *
265 1634 343 1712 'set3
376 1637 575 1724 priusquam
596 1628 725 1698 Picteti
748 1643 784 1696 et
805 1613 1006 1697 Rumfurdii
1029 1636 1278 1722 experimenta

242 1735 359 1843 Ιᾗιιοτει
375 1744 492 1818 esseut.

388 1865 647 1963 Hypothefibus
666 1873 735 1934 nec
747 1869 851 1935 facile
870 1889 972 1960 egere
987 1867 1178 1960 possumus,
1203 1890 1278 1935 nec

162 1963 171 2036 ³,
275 1989 476 2063 abutemur,
514 1982 667 2055 fimodo
690 1971 897 2076 dignitatem
923 2007 1000 2051 eam
1025 1992 1093 2052 rite
1116 1981 1278 2054 aestimer·-

173 2131 179 2160 ·-
276 2111 354 2172 mus
378 2117 413 2170 et
438 2077 540 2168 si’s
485 2127 522 2192 rp
524 2103 577 2168 ae
599 2106 690 2169 bene
714 2095 814 2170 fictae
837 2101 911 2170 fint.
962 2102 1060 2170 Bona
1075 2118 1190 2170 autem
1207 2104 1277 2198 hy-

160 2245 164 2268 ¹
275 2217 427 2312 pothesis
460 2214 508 2284 est
536 2216 699 2306 fimpler,
739 2242 852 2305 neque
878 2225 986 2285 nimis
1009 2219 1190 2286 artificiosa
1212 2235 1278 2286 aut

275 2333 444 2412 tortuosa,
478 2357 557 2400 cum
583 2339 658 2400 veri
683 2347 867 2400 aeternum
884 2333 1029 2428 {igilium
1053 2335 1198 2425 iimpiex
1219 2336 1317 2402 fit

253 2509 256 2516 .
279 2449 342 2525 Sic
367 2447 607 2542 fimplicisfima
631 2463 705 2516 erat
729 2449 885 2529 scholae,
911 2473 997 2540 quae
1018 2455 1057 2518 ab
1081 2453 1274 2518 incitabili·

275 2578 348 2636 tate
374 2589 504 2634 nomen
525 2561 691 2645 habebat,
715 2565 834 2636 divifio
850 2571 1051 2634 morborum
1073 2569 1275 2663 dynamica:

154 2672 156 2680 ¹
273 2684 517 2780 fimplicisfima
533 2681 582 2750 est
595 2698 752 2750 motuum
769 2683 966 2752 coelestium
983 2683 1149 2778 expositio
1166 2687 1276 2756 New·

279 2806 421 2872 touiana
451 2829 470 2870 e
499 2805 643 2869 duarum
669 2802 729 2869 fibi
751 2794 989 2894 oppositarum¹
1003 2807 1130 2874 virium
1154 2805 1278 2876 confli-

279 2937 348 2988 ctu.
424 2899 476 2988 Α1
506 2920 852 3010 circumspiciendum
883 2918 949 2999 est,
986 2945 1032 2998 ne
1053 2921 1275 3014 simplicitate

248 3035 255 3054 ⁴
277 3035 383 3106 nostri
404 3029 605 3106 intellectus
627 3049 786 3102 naturam
807 3044 960 3110 maxime
977 3037 1203 3129 compcfit'am
1218 3064 1273 3106 co·

279 3147 418 3250 gamus,
456 3179 501 3221 ne
520 3160 694 3222 unitatem
715 3161 938 3241 quaeramus,
976 3159 1036 3222 ubi
1057 3157 1193 3225 summa
1217 3125 1309 3267 douJ

238 3259 243 3270 ’
277 3283 431 3342 minatur
458 3278 607 3342 varietas
632 3285 668 3338 et
694 3271 783 3358 quafl
807 3273 1066 3362 multiplicitas:
1107 3265 1307 3371 fiquidemp

278 3415 319 3461 ea
343 3389 390 3459 est
410 3412 492 3459 vera
513 3401 655 3455 naturae
672 3383 828 3458 maiestas
844 3411 882 3455 ac
898 3391 1127 3472 immenfitaS,
1147 3387 1276 3460 huma·

249 3540 252 3547 ·
278 3531 343 3576 nos
361 3509 462 3575 intell
465 3521 561 3572 ectus
583 3506 764 3594 superans,
792 3507 883 3592 quod
900 3509 1061 3574 eumdem
1077 3509 1185 3577 finum
1188 3512 1274 3608 plu

278 3630 377 3692 rimis
402 3637 437 3689 et
450 3627 608 3699 maxime
631 3625 736 3687 variis
761 3623 980 3806 111111ύῖ1113
1002 3631 1178 3718 attingere
1197 3640 1303 3720 pot·

275 3739 337 3809 esti
390 3740 478 3806 Cum
493 3737 688 3815 Lernaeus,
713 3741 856 3806 confisus
924 3739 1153 3812 Harvaeanae
1165 3747 1272 3839 legis·

275 3881 379 3926 omne
394 3863 511 3974 vivum
527 3875 572 3922 cx
588 3875 673 3933 ovo,
698 3864 845 3926 veritate
862 3861 985 3925 univer
985 3855 1101 3951 sali,
1090 3883 1128 3928 m
1142 3859 1292 3954 plantis

911 4110 918 4142 1
1031 4145 1033 4148 .
