2612 4782
283 497 354 542 210
457 471 637 556 CAP..VI
639 403 766 541 .DE
790 468 872 542 VIS
897 475 947 542 Vl
931 469 1109 542 lTALlS

115 663 119 673 ¹
176 734 180 747 ,
278 598 495 736 carbonlfato
519 667 674 759 pollent,
698 674 888 736 narcotica
901 669 1005 734 dicta.
1058 658 1209 735 Stimuli
1230 670 1277 734 di-

208 800 211 813 '
261 796 329 878 cti
350 787 426 852 sunt
448 785 669 880 diffitfibileS,
693 789 787 874 quod
810 775 1005 854 brevilfim'o
1024 800 1189 894 tempore
1216 814 1277 878 per

277 911 522 993 incitationem
555 918 761 984 transeunt,
805 905 1023 972 debilitatem
1053 907 1276 994 producturi,

278 1043 365 1110 quae
388 1043 428 1088 ea
451 1013 563 1087 maior
578 1021 653 1088 fere
673 1021 738 1100 eft,
765 1044 834 1108 quo
857 1023 1009 1091 vividior
1023 1014 1277 1114 anteglelfait
1227 1025 1277 1094 eit

277 1157 314 1214 et
327 1138 485 1208 citissima
498 1147 671 1233 incitatio.
684 1130 707 1228 J
860 1143 863 1154 '
916 1121 918 1130 ‚

318 1336 332 1360 ,
354 1314 362 1332 ,
389 1249 693 1354 Quemadmodum
711 1267 805 1328 inter
825 1283 957 1354 organa
980 1233 1139 1352 corporis
1162 1277 1201 1330 et
1220 1287 1278 1330 ex·

276 1391 396 1446 ternas
418 1398 496 1454 res,
527 1383 663 1444 ratione
686 1377 859 1489 polarium
886 1379 1160 1459 elementorum,
1199 1380 1277 1446 har-

234 1489 242 1501 *
275 1505 395 1566 monia
421 1500 558 1566 obtinet
581 1477 815 1587 praestabiliter
840 1495 890 1584 (1.
909 1493 1014 1580 45η)
1048 1497 1093 1564 lic
1119 1489 1180 1566 eae
1203 1503 1276 1568 sub·

264 1617 441 1696 ¹stantiae,
468 1637 554 1702 quae
577 1621 735 1684 excitant
757 1637 913 1706 organon
936 1617 1095 1702 aliquod,
1120 1620 1208 1690 alius
1226 1629 1274 1688 vi

168 1800 171 1802 ,
262 1733 333 1806 'res
364 1736 710 1838 deprimere'valent
740 1749 787 1802 et·
801 1740 952 1828 penitus'
971 1740 1155 1832 frangere,
1195 1741 1275 1808 licut

275 1858 415 1930 acidum
436 1861 678 1934 carbonicum,
709 1855 932 1946 pulmonibus
953 1865 1118 1939 noxium,
1145 1872 1275 1930 ventri·

277 1979 348 2073 culi
372 1984 465 2044 vires
487 1977 647 2055 suscitat,
680 1977 773 2060 quod
793 1999 980 2046 nervorum
1003 1985 1115 2060 vires,
1146 1978 1207 2050 fub
1230 1988 1274 2052 al-

261 2107 353 2170 tera
368 2116 476 2182 aquae
492 2095 607 2160 forma
626 2105 788 2184 agentes,
813 2094 966 2184 prolicit.

389 2210 448 2276 Est
477 2223 592 2276 autem
623 2208 774 2296 ipsorum
805 2212 1056 2282 elementorum
1082 2219 1274 2306 polari'um,

276 2329 470 2403 cum'fimul
492 2325 732 2416 ponderabilia
751 2325 833 2406 fine,
855 2331 986 2420 duplex
999 2331 1145 2404 omnino
1161 2339 1275 2408 effica-

214 2423 215 2428 ἵ
273 2455 347 2514 cia:
373 2443 431 2512 vel
455 2448 548 2510 euim
566 2443 672 2508 modo
697 2450 807 2534 magis
830 2444 989 2524 chemieo
1007 2469 1214 2541 operantur,
1238 2471 1275 2524 ut

184 2657 186 2667 1
275 2563 397 2632 {imilla
417 2563 581 2630 limilibus
596 2537 598 2553 Ι
614 2578 868 2653 provocentur,
908 2571 965 2637 vel
993 2579 1112 2662 potius
1143 2580 1276 2667 polari,

268 2699 314 2754 ut
333 2682 486 2776 opposita
507 2681 614 2748 semet
634 2687 786 2748 invicem
811 2692 936 2754 cicant.
984 2721 987 2726 ¹
1009 2691 1203 2784 Narcotioa
1234 2697 1277 2763 fic

269 2805 390 2888 dicta,
413 2807 437 2867 1.
457 2823 485 2867 e.
502 2821 543 2866 ea
557 2799 731 2877 remedia,
755 2823 843 2886 quae
862 2803 1067 2898 hydrogene
1084 2816 1278 2882 carbonico

269 2921 427 3011 fcatent,
452 2920 645 2984 minoribus
667 2925 885 3008 portionibus
911 2923 1087 3008 adbibita,
1112 2939 1281 3004 excitant

153 3087 161 3099 ι
184 3098 186 3104 .
274 3043 367 3106 vires
383 3057 589 3140 nervorum,
614 3035 695 3099 dum
714 3035 858 3126 alteram
874 3037 1025 3108 formam
1039 3065 1146 3130 aquae
1161 3053 1277 3140 proli-

164 3229 167 3236 ,
274 3163 390 3236 citurt,
406 3163 537 3226 maiore
555 3162 655 3248 copia
669 3157 801 3248 ingesta
814 3161 1036 3253 polaritatem
1050 3165 1275 3261 supprimunt

234 3333 236 3341 .
272 3289 316 3364 et,⁴
332 3279 549 3364 debilitatem
572 3277 778 3367 producunt.
903 3369 904 3374 γ

265 3469 271 3486 ⁸
382 3397 634 3478 Differentiam
659 3395 877 3465 observamus
898 3405 992 3470 inter
1007 3405 1109 3472 alcali
1129 3427 1274 3502 vegeta·

270 3516 339 3582 bile
362 3517 530 3602 liquidum
556 3529 591 3580 et
613 3515 712 3580 alcali
740 3515 960 3598 sulfuricum,
1001 3546 1150 3616 quorum
1185 3531 1273 3596 illud

264 3639 378 3705 nervo
402 3630 601 3722 adspersum
617 3636 655 3696 in
676 3631 827 3700 musculo
853 3641 925 3702 eius
954 3625 1180 3711 fortissimam
1205 3649 1274 3714 sus·

244 3811 246 3818 ,
269 3757 355 3817 citat
383 3757 678 3828 contractionem,
726 3752 815 3839 quast
845 3757 984 3826 acidum
1000 3763 1274 3854 applicaveris,

265 3865 334 3934 hoc
357 3889 440 3982 vero
464 3867 629 3972 deprimit
661 3873 754 3938 vires
785 3872 1024 3946 musculorum·
1096 3881 1272 3978 Explicat
