2536 4788
148 299 159 344 i

86 439 192 518 ,cun
209 433 310 522 jvnr.
360 413 715 554 ursmarum
732 435 868 527 mre.
923 465 1009 536 271‘
1045 395 1068 500 J
1157 387 1160 398 ’

24 635 64 704 hil
77 637 199 718 obstat,
210 651 214 660 '
226 628 530 730 quinetiam'plura
551 631 617 708 nos
630 647 780 732 cogunt,
804 646 998 732 agitatione

22 757 147 840 quadam
177 763 302 826 intima
331 773 366 824 et
398 753 618 826 subtilissima*
632 735 815 836 staminum
839 763 999 850 compress

22 871 155 943 bendere
171 901 246 946 eam
262 861 503 954 mutationem,
519 873 605 966 quae
619 883 883 968 perceptionem
897 900 998 968 prae·

24 995 107 1062 cedit.
155 997 313 1077 Etenim,
347 1021 426 1064 cum
450 1001 609 1063 revocari
627 993 730 1086 poisrt
750 997 807 1065 vel
828 993 999 1085 aliis'fen·

23 1111 96 1186 soum
120 1116 318 1208 impulsibus
352 1118 409 1230 vel
446 1114 520 1206 ipso
542 1117 752 1242 arbitri03
760 1139 839 1181 cum
873 1117 998 1198 eodem

23 1236 106 1300 nodo
132 1234 305 1304 socientur
330 1237 600 1328 perceptiones,
652 1255 719 1322 quo
747 1235 807 1336 alii
840 1231 1011 1326 corporis*
1032 1224 1064 1278 ,'

24 1369 133 1442 motus3
160 1381 240 1424 curn
254 1357 488 1423 mobilitatem
501 1355 691 1442 quamdam
708 1343 904 1458 compagis
902 1363 1000 1426 cere'
1070 1395 1071 1402 κ

24 1473 106 1540 bralis
120 1476 256 1566 agilitas
274 1479 381 1540 animi
395 1472 430 1540 e't
446 1479 636 1539 memoriae
651 1479 856 1552 comitetur,
884 1449 999 1544 aliena

24 1596 129 1676 pariter
149 1613 168 1656 a
189 1597 296 1658 nimis
319 1588 430 1657 flmrili
452 1593 524 1672 eius
540 1590 665 1656 *indole
688 1597 726 1656 in
743 1593 937 1660 infantibus
955 1599 998 1662 ab

25 1711 147 1772 animia
166 1708 347 1798 rigiditate
368 1705 487 1772 senum
509 1717 545 1772 et
567 1706 715 1791 duritic3
729 1773 731 1780 ,
744 1729 822 1774 cum
844 1708 905 1799 ipsr
922 1709 998 1778 seu·

25 1827 143 1902 tianius,
173 1845 240 1892 nos
263 1845 371 1910 aeque
394 1821 534 1910 fatigari
557 1827 809 1910 cogitationum
829 1831 998 1896 intentio·

23 1943 102 2008 nibus
123 1965 160 2010 ac
182 1948 342 2033 corporis
368 1941 565 2022 laboribus;
593 1955 691 2016 curn,
714 1938 833 2007 filente
856 1942 924 2010 hoc
945 1953 1008 2038 vis

22 2062 210 2128 numantini
238 2061 427 2133 exercitio,
454 2060 571 2140 quieta
593 2067 630 2120 et
650 2056 818 2146 regularis
841 2047 999 2129 stimulo·

22 2193 84 2238 rum
111 2179 316 2244 naturalium
344 2179 455 2250 actio,
497 2177 671 2262 energiam
689 2176 843 2274 ,cerebri
872 2159 998 2269 augeat

14 2306 49 2364 ¹et
65 2293 187 2362 dilatet:
234 2293 455 2386 exploratum
477 2287 663 2368 habemus,
703 2293 829 2360 iisdem
859 2295 999 2387 legibue

22 2403 261 2481 subiectums
207 2411 261 2481 ess
259 2433 279 2477 e
302 2409 392 2479 hanc
416 2429 619 2499 corpoream
637 2415 831 2496 actionem,
855 2421 997 2519 quaein

24 2533 63 2590 tot
51 2539 82 2593 to
95 2550 236 2619 corpore
253 2527 917 2596 valane·

112 2646 246 2730 Harum
270 2648 406 2712 cerebri
431 2649 659 2736 agitationum
679 2645 761 2712 dum
775 2645 930 2716 conscius
947 2644 997 2720 est

26 2768 150 2846 animus,
188 2772 344 2860 percipit
371 2785 428 2830 res
455 2777 626 2832 externas.
687 2767 850 2835 Interest
880 2779 1014 2867 autena'
1073 2841 1076 2858 1

27 2883 95 2971 inter
112 2885 173 2956 has
193 2889 442 2980 perceptiones
464 2896 501 2948 et
523 2905 600 2961 eas,
633 2892 779 2985 quaein
805 2889 954 2980 gangliis
976 2910 999 2958 a

29 2983 197 3090 maritimi
226 3015 479 3095 provocantur,
521 3004 612 3088 quod
641 3003 708 3070 hac
737 3007 871 3072 nullum
902 2999 1003 3078 obiess

28 3127 96 3186 ctum
124 3125 344 3198 discernant,
383 3121 464 3186 illac
494 3145 579 3205 vero
599 3122 829 3213 nosmetipsos
852 3146 872 3188 a
893 3128 998 3200 rebus

26 3250 154 3312 externis
173 3238 428 3310 internoscant:
466 3241 560 3312 unde
589 3241 800 3308 conscientia
827 3249 938 3310 oritur
960 3255 998 3312 et

25 3353 138 3428 claritas
164 3359 433 3450 perceptionum
455 3352 508 3440 (§.
534 3346 627 3442 89).
680 3357 899 3424 Varietatum
923 3381 1011 3428 ome:

22 3475 115 3555 nium,
155 3495 240 3562 quas
262 3469 411 3536 mundus
433 3482 598 3552 externus
619 3470 748 3551 offert,
788 3473 1010 3546 discrimini.
1060 3489 1067 3518 ²
1114 3467 1125 3488 ’

23 3584 70 3657 bus
89 3594 229 3662 obscure
260 3587 467 3680 adficiuntur
496 3589 621 3680 plexus
644 3605 681 3660 et
704 3593 842 3684 ganglia
871 3571 996 3666 nervoss

20 3721 98 3777 mm:
125 3716 170 3782 ad
191 3717 364 3781 unitatem
380 3729 437 3779 eas
451 3709 558 3778 lol‘um
571 3723 714 3782 revocat
729 3717 921 3786 cerebrum.
