2606 4784
157 387 161 393 ’
288 422 486 499 nouam
501 425 797 506 ‘annuamus
938 419 1045 540 Ι155

6 611 212 680 cultatem
239 598 405 700 ciborum.
471 620 574 690 Unde
599 637 714 692 autem
737 621 903 721 animtlia
921 631 1052 708 petunt

6 742 174 794 tantam
213 715 379 802 elementi
410 736 510 805 surius
545 747 702 830 copiam,
739 763 817 812 cum
841 750 876 802 et
896 736 1050 826 ipsorum

9 850 228 952 horminum
255 875 362 944 genus
385 855 485 946 saepe
509 857 589 926 solis
614 860 769 926 vescatur
794 857 964 932 fructibus
985 855 1068 951 luo-¹
1180 860 1183 870 “

13 979 125 1038 racis
158 983 224 1037 ant
247 975 322 1040 aliis
347 975 495 1063 plantis,
536 999 622 1063 quae
644 977 777 1042 nullum
798 979 926 1040 azotici
949 974 1047 1060 vesti·

16 1097 131 1182 gium
165 1089 381 1156 continent?
433 1091 535 1158 Estne
567 1091 825 1182 atmosphaerae
849 1111 959 1180 penus
983 1088 1049 1154 sus·
1090 1136 1094 1140 -

17 1207 186 1284 siciens,
214 1221 254 1272 ut
280 1207 393 1286 suum,
421 1210 503 1274 dum
527 1207 665 1306 spiritns
688 1211 844 1286 ducitur,
876 1214 1053 1276 azotieum

22 1329 187 1416 corpori
212 1325 354 1392 animali
376 1323 580 1416 impertiat?
629 1325 730 1394 Nihil
755 1328 828 1392 sere
853 1331 978 1394 azotioi
996 1345 1053 1392 rev·

21 1443 209 1534 spirando
227 1442 428 1521 exhalatur,
451 1459 609 1512 remanet
617 1441 738 1512 ‘omnis
760 1452 917 1538 generati
935 1429 1054 1536 eopia,

27 1563 135 1627 unde
159 1563 324 1628 animalis
347 1575 469 1629 natura
494 1563 720 1633 constantiam
742 1561 834 1630 suam
850 1539 1006 1655 obtinet„
1048 1612 1052 1622 .

157 1679 256 1773 Inest
278 1692 396 1746 tamen
419 1681 457 1747 id
481 1683 692 1749 elementum
716 1683 974 1772 atmosphaerae
995 1688 1047 1748 in·
1116 1737 1119 1744 .

30 1805 143 1892 genti
159 1801 283 1885 copia,
308 1810 348 1862 ut
367 1819 411 1862 ex
428 1805 585 1866 centenis
600 1799 816 1888 septuaginta
832 1820 957 1865 novem
971 1819 1048 1888 par·
1157 1857 1161 1867 f

32 1921 95 1986 tes
120 1923 237 1984 totius
260 1913 382 1990 massae
408 1915 620 1982 constituat..
668 1917 772 1982 Haud
793 1917 957 1981 idoneum
983 1914 1054 1991 est,·

35 2055 163 2123 neque
191 2033 326 2122 spiritui
351 2031 510 2096 ducendo
532 2053 645 2117 neque
668 2031 825 2098 flammae
853 2030 1053 2096 servandae.
1097 2012 1099 2022 '

40 2157 149 2225 Oriri
181 2175 228 2220 ex
259 2129 444 2240 vaporibus
477 2157 613 2236 aquus,
664 2149 729 2218 esse
761 2157 878 2236 itaque
908 2149 1053 2236 modum
1138 2149 1144 2160 '

42 2271 238 2360 quemdam
262 2245 493 2361 hydrogeuis,
506 2353 508 2363 Α
522 2290 600 2332 cum
627 2243 837 2334 Girtannero
859 2265 943 2333 olim
964 2289 1054 2332 non·

43 2395 137 2462 uulli
162 2399 402 2463 autumarent,
443 2387 588 2452 refutati
607 2390 631 2452 'a
654 2386 876 2464 Bertholeto,
918 2393 978 2473 qui
1008 2405 1057 2452 ex.

45 2503 296 2596 atmosphaera
325 2503 412 2570 illud
442 2493 635 2578 absorberi,
673 2503 791 2568 docuit
827 2501 936 2584 (thb.
961 2501 1052 2569 Anu.

46 2625 127 2698 VH.
148 2619 245 2704 81.).
290 2622 377 2688 Inde
394 2621 526 2696 elucet,
551 2633 764 2711 quantopere
780 2643 799 2686 a
814 2628 961 2688 veritate
978 2627 1052 2710 opi·

48 2753 180 2814 aiones
207 2739 338 2806 Stutzii
361 2751 397 2804 et
420 2734 607 2802 Burdachii
629 2739 814 2814 recedant,
851 2743 909 2822 qui
934 2739 1053 2804 carbo·

52 2868 126 2929 niei
155 2871 192 2924 et
213 2855 427 2949 hydrogenis
448 2855 591 2922 modum
612 2855 780 2920 duntaxat
802 2853 824 2919 s.
849 2861 1056 2934 varietatem

61 2981 121 3046 else
147 2961 322 3044 az'oticum
345 2977 589 3062 pronunciunt.
668 2973 826 3060 Namque
859 2986 894 3038 et
917 2971 1055 3068 Austini

63 3104 321 3188 experimenta,
352 3095 475 3178 quibus
500 3097 665 3158 transitus
688 3095 863 3158 sarbonici
889 3095 927 3158 in
948 3098 1055 3160 azoti·

60 3241 140 3285 cum
155 3219 271 3284 evinci
287 3214 427 3288 dieitur,
443 3211 579 3276 fallacia
594 3217 736 3278 inventa
751 3210 827 3278 sunt
843 3214 885 3276 ab
899 3211 1055 3306 Henryo.

173 3331 284 3404 Inesse
321 3327 575 3417 atmosphaerae
600 3328 767 3396 'chemice
804 3335 957 3421 oxygeni
994 3353 1058 3394 nu*

55 3469 185 3546 ptum,
207 3448 300 3519 haud
324 3443 492 3514 credibile
516 3437 581 3518 est,
608 3439 772 3528 siquidem
796 3443 932 3510 acidum
949 3437 1058 3544 ‘nitri-3

56 3558 143 3637 cnm
178 3587 220 3632 eo
249 3563 423 3630 connubio
453 3564 618 3626 oriretur:
660 3558 718 3624 sed
745 3561 969 3627 memorabile
991 3561 1059 3638 est,
1154 3577 1157 3582 ·

56 3686 225 3760 eamdem
246 3682 379 3768 semper
398 3680 571 3742 rationem
593 3674 721 3744 habere
743 3677 786 3742 ad
803 3699 1000 3770 oxygenes,
1020 3683 1059 3741 in

59 3810 171 3878 variis
203 3797 443 3872 altitudinibus
467 3806 503 3862 et
533 3798 787 3884 temperiebus‚
825 3797 918 3883 quod
938 3794 1059 3881 Delto-
