2644 4786
305 537 311 541 .
419 448 792 556 tnruorrusf
953 517 956 534 ,
1042 457 1089 530 23

68 662 144 714 tur.
207 644 273 718 Sic
290 672 353 741 per
368 651 609 748 duodeviginti
624 674 733 724 annos
746 653 912 750 Deimani
926 655 1088 722 aiionnn'·

78 793 145 855 que
170 767 390 837 Batavorum
414 777 655 863 experimenta
678 775 722 842 de
744 797 850 864 aquae
872 776 1086 864 separatione
1168 841 1169 849 χ

86 887 219 952 induo
244 887 418 956 elementa
437 895 578 982 cognita
601 903 720 968 erant,
745 893 857 958 donec
883 889 1008 956 Voltae
1033 896 1086 958 in·

78 1009 230 1094 genium
257 1004 419 1072 columna
439 1003 495 1074 sua
511 1027 585 1074 eam
603 1013 788 1076 veritatem
806 1005 1036 1072 confirmaret.

201 1121 276 1214 Qui
295 1123 447 1191 ferventi
474 1138 510 1190 et
531 1125 638 1190 alacri
665 1130 808 1216 ingenio
830 1126 1002 1226 gaudem,
1042 1147 1087 1192 ex

74 1247 191 1308 unico
214 1241 310 1306 forte
336 1245 599 1330 experimento,
622 1263 689 1306 nec
707 1239 892 1310 cautissime
910 1237 1087 1318 instituto,

76 1357 263 1424 theoriam
288 1361 457 1448 gignunt,
490 1379 592 1442 quam
614 1362 852 1446 experientiae
871 1365 1013 1426 nomine
1037 1339 1089 1422 iass

2 1499 3 1508 ¹
78 1489 203 1553 crant,
227 1497 308 1540 cum
333 1443 533 1568 hypothefis
555 1497 651 1542 mera
674 1473 724 1540 fit.
779 1473 859 1553 Sic,
883 1483 941 1568 qui
964 1499 1008 1542 ex
1030 1474 1084 1540 Fr.

78 1593 296 1663 Huielandii
311 1583 563 1684 experimentis
580 1594 759 1690 effecerit,
775 1585 895 1684 polum
912 1599 1088 1686 magnetis

80 1715 263 1782 borealem
278 1710 643 1781 Voltanae'oolumnee
658 1714 740 1806 polo
753 1711 1013 1808 hydrogenioo‚
1028 1735 1086 1780 au·
1122 1703 1127 1725 ‘
1185 1729 1191 1750 ‘

76 1830 223 1902 stralem
242 1855 326 1900 vero
342 1833 496 1904 ciusdem
513 1839 709 1928 oxygenico
724 1831 951 1924 respondere,
969 1841 1086 1920 itaque

78 1951 231 2018 fimilem
254 1963 415 2042 magnete
430 1956 660 2018 mutationem
675 1951 868 2018 formarum
883 1971 988 2036 aquae
1006 1971 1085 2040 pro·

79 2072 186 2150 duci,
208 2077 241 2136 is
264 2074 392 2136 nimiae
415 2073 675 2158 properationis
694 2073 821 2134 merito
847 2080 1083 2160 argueretur...

201 2159 469 2256 observatorem
503 2205 624 2254 verum
659 2197 695 2250 et
728 2163 1085 2276 experimentatorenr
1124 2215 1129 2223 ·

85 2307 200 2376 decet·
232 2299 450 2392 implicitas,
494 2307 652 2372 veritatis
693 2323 809 2380 arnor,
847 2304 974 2388 absque
1013 2299 1086 2375 ulla

81 2433 343 2519 praeconcepta
369 2425 555 2510 opinione,
581 2426 697 2506 quieta
720 2427 834 2490 animi
846 2421 1002 2514 indoles,
1029 2395 1084 2486 ea-

81 2567 167 2632 que,
203 2561 291 2626 quae
313 2542 521 2619 veritatem,
558 2543 713 2626 quamvis
736 2541 958 2626 opinionibus
982 2533 1086 2628 ipsius

84 2665 331 2736 contrariam
361 2669 481 2726 tamen
511 2656 673 2750 lubenter
708 2662 858 2746 accipiat
889 2670 925 2724 et
955 2632 1086 2726 fov'eatss

84 2781 248 2850 Dedecet
271 2757 387 2842 autern
410 2768 558 2840 studium
580 2773 810 2850 mirabilium,
835 2771 1018 2864 propenfio
1042 2771 1087 2838 ad

86 2897 283 2968 scholarum
314 2902 530 2972 commenta,
568 2895 763 2984 pertinacia
790 2896 828 2958 iu
853 2891 1085 2992 deiendendis

87 3012 332 3110 opinionibus,
353 3027 443 3096 quae
462 3029 540 3074 cum
557 3012 775 3096 experientia
790 3012 956 3102 pugnant.
1003 3005 1086 3073 Stu-
1182 3063 1184 3070 ,

98 3137 181 3204 dium
204 3151 344 3206 eorum,
382 3119 723 3212 quae'admiratione
743 3146 808 3194 nos
831 3107 992 3216 cepioni,
1031 3131 1084 3214 in·¹

89 3253 225 3346 signiter
247 3246 411 3320 scientiae
433 3250 563 3344 nocuit.
614 3244 666 3314 Eo
691 3251 784 3312 enim
805 3249 934 3314 irretiti
957 3243 1086 3346 Pinari,

87 3375 248 3448 Verani,
273 3363 478 3436 Winklerus
501 3363 610 3431 odora
631 3362 772 3430 effluvia
791 3385 855 3452 per
872 3369 1000 3429 vitrum
1016 3361 1084 3439 eless
1150 3365 1155 3372 “

86 3495 267 3562 otricitate
295 3489 578 3568 impraegnatum!
605 3483 644 3540 in
673 3498 836 3568 magnam
867 3478 1086 3582 transvolare

85 3602 287 3676 distantiam
310 3605 582 3689 praeceperunt,
606 3593 752 3663 refutati
775 3593 878 3666 facile
895 3607 931 3664 et
946 3601 1085 3688 egregie
1187 3623 1192 3630 ·
1222 3591 1250 3621 ‘-

84 3719 292 3796 aWilsonio
311 3727 348 3784 et
370 3709 523 3808 Noileto.
