2606 4784
56 487 178 562 cnr.
194 497 257 566 ιιι.
284 487 349 618 ιιΕ
354 494 947 641 turonorum-Acmona..
955 504 1043 622 aa,
1080 449 1084 454 ”
1114 519 1124 552 s

25 687 250 758 directionis
268 635 516 812 polaritatem,
544 693 622 765 cum
638 697 763 766 seceiiu
780 717 887 782 aquae
902 703 939 764 in
956 699 1041 764 duas
1126 779 1133 795 ,

24 807 189 888 formaS,
230 777 438 901 separatas
427 839 464 880 ιιι
488 830 635 904 utroque
661 820 763 908 polo.
804 839 890 902 quae
911 797 1039 884 iterum
1120 875 1125 880 .

24 937 187 1004 coeunt,
208 951 278 996 non
293 931 361 1021 sola
367 935 593 1014 directione,
618 937 675 1002 sed
692 936 800 1026 spatio
820 941 964 1002 mixtae.

148 1044 315 1115 Credidit
331 1056 459 1146 xetiarn
495 1025 664 1118 Ilitterusx
690 1052 883 1142 analogiam
916 1053 1038 1122 Galva-
1103 1069 1107 1081 “

24 1158 127 1226 niirni
168 1161 383 1251 aliarumque
418 1166 685 1246 efficientiarum
714 1170 892 1258 periodica
909 1151 1037 1236 ’indole
1082 1241 1086 1250 ,
1133 1193 1135 1200 ⁴

24 1281 115 1346 illius
156 1281 366 1348 confirmare
393 1275 505 1372 posse,
543 1309 621 1351 cum
647 1286 891 1357 vicissitudines
921 1293 1035 1353 inten-

26 1399 135 1465 statis
164 1406 203 1464 in
226 1403 388 1466 columna
407 1385 651 1483 observentur,
675 1399 1041 1474 miordelectrometro

26 1515 180 1582 mensae.
233 1514 284 1582 At
307 1539 389 1583 vero
408 1520 677 1590 Ermanustum
702 1525 941 1590 electricitatis
960 1536 1049 1600 tum,
1085 1584 1089 1592 .

29 1631 246 1700 Galvanismi
270 1635 484 1722 periodioam
504 1639 659 1706 indolem
684 1640 749 1706 esse
767 1641 951 1718 fallacem,
974 1661 1033 1705 ex·

27 1753 302 1839 plicandamque
333 1754 389 1820 vel
418 1777 462 1819 ex
485 1753 745 1850 hygrometrica
764 1757 929 1824 siccorum
951 1783 1032 1824 con·
1108 1845 1109 1851 Ε

28 1865 217 1935 ductorum
245 1867 430 1954 qualitate,
463 1873 518 1938 vel
541 1895 586 1938 ex
606 1876 751 1940 relativa
773 1865 1042 1940 microiilectro·

28 1995 129 2054 metri
168 1987 384 2076 separatione
415 1990 535 2070 (isolat
537 1992 653 2074 ione)
670 1993 866 2058 luculenter
889 1995 1031 2063 demon·
1057 2025 1063 2040 ,

29 2106 149 2175 [travit
177 2107 287 2187 (etth.
304 2107 395 2174 Aun.
411 2102 514 2176 XXV.
538 2104 560 2176 5
569 2109 638 2196 s.).

140 2224 356 2316 Nuperrima
387 2247 471 2309 vero
500 2227 630 2294 Ritteri
660 2233 900 2317 experimenta
929 2229 1033 2294 alter·
1104 2226 1106 2232 ’

31 2359 173 2410 nantem
207 2345 402 2433 polaritatis
431 2345 586 2412 indolem
619 2344 721 2412 etin
748 2343 814 2411 hac
842 2345 1031 2412 efficientia
1092 2383 1094 2388 ν

33 2467 171 2554 egregie
203 2465 483 2551 comprobarunt.
552 2463 593 2528 In
625 2461 770 2551 simplici
800 2469 870 2528 iam
907 2463 1031 2536 Galva·

31 2579 157 2655 uisnw,
183 2574 206 2640 fi
229 2575 463 2644 musculorum
483 2577 626 2644 duorum
651 2599 778 2644 nervus
801 2591 945 2664 uterque
968 2581 1029 2644 du·

31 2701 107 2787 plici
127 2670 275 2763 metallo
290 2688 464 2788 tangitur,
488 2695 588 2787 supra
605 2709 727 2762 catena
742 2675 893 2762 musculo
910 2697 1029 2775 clausa,

34 2815 126 2906 supra
160 2835 238 2878 eum
268 2813 456 2886 musculum
481 2819 593 2880 oritur
614 2802 788 2904 oppositus
810 2813 914 2880 status
938 2815 1026 2880 inse

35 2939 111 2998 riori
134 2931 306 3016 (Getieas
328 2933 449 3000 Journ.
484 2927 537 2997 VI.
559 2932 681 3013 422).
757 2931 913 2997 Maxime
942 2953 1028 2998 vero

44 3051 213 3114 columnae
236 3048 451 3122 alternantur
471 3037 562 3138 poli,
585 3050 666 3114 dum
685 3039 807 3116 catena
823 3050 878 3115 vel
897 3049 1023 3115 claudi·

40 3178 91 3230 tur
111 3169 165 3234 vel
186 3167 392 3257 seiungitur:
432 3143 649 3234 irritabilitaa
672 3168 766 3238 enim
788 3169 967 3246 increscit,
1001 3167 1023 3232 si

36 3285 141 3352 clausa
155 3299 279 3352 catena
293 3305 419 3369 nervus
437 3300 598 3375 argento,
613 3288 784 3354 musculus
801 3293 901 3354 zinco
917 3307 1023 3353 arma-

34 3420 100 3472 tur:
122 3405 257 3472 inversa
273 3404 360 3470 serre
375 3399 543 3490 oppositio
558 3410 680 3484 oritur,
721 3403 837 3471 Aliam
854 3411 959 3469 etiam
975 3405 1024 3468 le·
1056 3467 1058 3470 ,
1091 3391 1105 3478 ’,

30 3547 108 3614 gem
134 3504 291 3588 Ritterus
306 3519 489 3594 stabilivit,
514 3519 692 3586 metallum
707 3521 823 3614 oxydo
841 3526 950 3611 magis
966 3521 1024 3584 ad·

29 3641 95 3709 fine
111 3663 237 3720 nervo,
255 3646 369 3718 minus
387 3636 498 3704 adfine
512 3638 662 3705 musculo
677 3641 897 3730 applicatum,
914 3641 1023 3708 clausa

29 3775 175 3840 catena,
198 3775 331 3828 motum
353 3755 557 3823 debiliorem
580 3747 753 3847 ipsamque
773 3756 1021 3850 depressionem
1069 3807 1073 3818 .

26 3880 223 3973 producere
239 3885 292 3946 vis
304 3877 438 3962 vitali33
464 3885 584 3966 aperta
599 3897 680 3941 vero
699 3890 822 3980 catena
837 3877 1020 3948 fortiorem
1130 3866 1132 3876 '
