2644 4786
1044 419 1051 448 s

89 585 91 596 Ι
182 463 307 591 §ae
364 527 366 537 .
438 581 441 588 ι
572 473 926 549 minumus,

253 677 448 768 pleverunt.
509 673 627 744 Primo
653 681 746 742 enirn
769 675 934 742 medendi
953 671 1117 737 scientiae
1142 665 1284 758 philo·

148 811 151 818 '
254 796 393 888 sophiae
415 817 494 886 pars
517 795 727 874 habebatur,
766 808 806 860 ut
835 807 870 861 et
896 795 1101 894 morborum
1121 795 1282 854 curatio

256 925 293 984 et
315 933 432 978 rerum
455 922 598 980 natutae
615 912 865 1001 contemplatio
888 911 945 975 sub
963 893 1089 976 iisdem
1105 911 1280 971 auctori-

254 1017 324 1098 bus'
344 1041 427 1094 nata
453 1026 503 1093 fit.
570 1027 662 1094 Cous
694 1041 809 1096 autem
839 1029 963 1104 senex,
1003 1009 1043 1089 ut
1062 1030 1134 1090 iam
1158 1023 1280 1113 supra

254 1153 393 1224 monui,
424 1145 614 1236 perspectis
639 1147 793 1225 damnis,
827 1167 912 1234 quae
937 1166 981 1210 ex
1000 1143 1069 1208 hoc
1091 1142 1273 1236 perverso

173 1253 176 1262 ’
255 1264 499 1334 differentium
520 1271 672 1332 maxime
696 1237 957 1357 dicciplinarum
983 1264 1162 1330 connubio
1186 1284 1270 1326 ma-

44 1398 51 1420 ”
255 1357 432 1462 neverint,
458 1397 493 1450 et
509 1384 666 1452 collectis
681 1383 855 1451 immenfis
871 1397 945 1450 turn
961 1382 1037 1450 suae
1052 1395 1127 1448 tum
1143 1389 1262 1448 maio-

156 1517 158 1526 ’
254 1527 333 1572 rum
347 1505 501 1581 suorum,
534 1507 771 1596 experientiae
795 1501 981 1581 thesauris,
1008 1505 1051 1569 ab
1071 1498 1182 1568 studio
1206 1499 1258 1566 sa-

252 1627 407 1714 pientiae
439 1621 634 1686 medicinae
666 1621 886 1708 disciplinam
909 1621 1106 1710 separavit.'
1149 1617 1261 1684 Hanc

255 1761 339 1807 vero
378 1734 672 1804 observationibus
703 1737 879 1803 suffultam
899 1727 949 1802 ¹ac
978 1743 1155 1801 munitam.
1180 1735 1262 1802 sub·

148 1927 155 1942 ,
201 1892 204 1901 1
253 1856 350 1924 tilius
372 1861 477 1922 etiam
495 1867 529 1920 et
547 1851 715 1944 copiosius
732 1859 920 1920 maioribus
934 1855 1000 1920 suis
1015 1853 1192 1931 excoluit,
1220 1866 1263 1917 ut

191 2026 195 2041 f
253 1985 290 2042 et
305 1985 413 2037 artem
430 1970 666 2061 praesagientis
689 1983 725 2035 et
737 1971 926 2060 generales
949 1953 1258 2062 curandi'regulas

14 2063 15 2072 ἵ
73 2085 76 2098 '
152 2163 156 2177 .
254 2103 290 2156 et
307 2090 504 2156 doctrinam
518 2088 561 2153 dc
583 2090 713 2154 morbis
732 2073 954 2177 popularibus
970 2094 1101 2178 primus
1122 2083 1257 2155 stabili-

109 2229 142 2247 ·=
189 2289 193 2296 Ι
252 2219 319 2273 ret.
372 2203 515 2272 illustre
542 2205 624 2271 sane*
654 2219 689 2270 et
716 2208 917 2284 immortale,
949 2207 1171 2295 exemplum,
1209 2211 1256 2276 ad

206 2363 208 2366 ·
253 2333 350 2400 euius
374 2321 524 2392 instarfi
553 2321 794 2412 respexissent,
832 2331 890 2410 qui
913 2349 991 2392 eum
1016 2341 1253 2416 exceperunt,

250 2441 407 2512 universa
419 2441 592 2508 medicina
606 2443 705 2509 brevi
727 2456 885 2534 tempore
902 2441 1069 2510 summum
1086 2443 1249 2535 attigisset

251 2561 482 2653 perfectionis
499 2561 653 2650 gradum.

364 2793 483 2863 Aliter
502 2809 621 2862 tamen
643 2793 962 2886 hominumpotius
984 2801 1118 2862 incuria
1144 2817 1251 2883 quam

166 2993 168 3000 Ι
250 2910 339 2978 sorte
363 2926 422 2978 aut
444 2915 517 2978 fato
539 2917 709 3006 contigit,
739 2897 902 2998 fiquidem
917 2903 979 3003 tp'fi
994 2919 1063 2978 iam
1080 2913 1143 2979 filii
1159 2913 1250 3004 Hip·

249 3038 421 3122 pocratiS,
452 3028 635 3096 Thessalus
658 3043 694 3094 et
718 3030 854 3114 Draco,
888 3045 1071 3122 tantopere
1095 3033 1250 3100 descive-

248 3164 327 3216 rant
349 3171 368 3214 a
390 3171 471 3214 vera
492 3154 647 3238 parentis
663 3149 847 3238 sapientia,
872 3165 912 3216 ut
927 3175 944 3217 e
960 3126 1250 3242 philosophorum

247 3251 375 3336 {cholis'
396 3271 491 3336 varia
515 3279 713 3332 commenta
735 3280 854 3333 mutuo
877 3275 1096 3358 acciperent,
1119 3275 1157 3336 in
1177 3295 1249 3356 quo

249 3407 327 3454 cum
349 3384 500 3474 ipsorum
519 3379 646 3473 posteri
670 3385 917 3474 perrexissent,
942 3388 1132 3463 librorum,
1158 3407 1248 3475 quoa

245 3507 434 3568 memoriae
458 3502 694 3577 tradiderunt,
735 3504 795 3566 uni
812 3485 1026 3594 ‘Hippocrati
1057 3503 1248 3595 adscripto·
1303 3509 1304 3520 ’

247 3639 322 3702 rum
340 3617 496 3706 farrago,
518 3629 796 3682 commentorum
820 3632 855 3684 et
868 3626 1072 3709 opinionum
1089 3628 1246 3688 maixime

243 3739 339 3806 inter
371 3732 404 3802 le
433 3731 675 3822 differentium
708 3745 745 3796 et
779 3737 1065 3802 contendentium
1098 3742 1244 3830 copiam

245 3860 404 3922 continet
427 3863 578 3928 tantam,
616 3863 657 3915 ut
681 3849 820 3942 Oedipo
846 3857 970 3919 critico
990 3857 1066 3922 sere
1089 3881 1174 3950 opus
1203 3857 1244 3922 sit

1197 3975 1241 4042 ad
1301 4027 1302 4036 ,
