2536 4788
40 371 45 556 j
118 433 213 511 cur
233 431 349 516 vut
381 427 746 546 aestuamur
770 424 908 532 urm>
958 425 1051 516 aaa·

52 593 213 706 statuimus
232 635 275 724 (s.
294 636 353 729 67.
355 640 390 722 )‚
405 636 494 706 nihil
508 640 552 704 acl
569 640 812 740 exponendam
825 619 933 727 ipsam
956 637 1031 706 sen·

50 751 96 816 sat·
61 766 196 820 monem
219 757 332 822 facit.
372 775 486 842 nequo
512 754 680 822 Brandifii
711 769 809 826 ante
825 756 892 820 duo
923 741 1034 823 sustra

38 877 257 954 ·pronunciata
288 870 459 952 sententia
493 871 535 936 de
550 917 554 926 ·
568 878 809 941 contractione
838 861 1031 964 nervorum*

48 980 127 1050 sarili
143 1008 181 1050 ac
197 993 238 1054 iu
255 985 435 1064 muscuIiS,
457 993 649 1052 etiamnum
665 983 831 1052 uberiore
843 971 1059 1076 refutatio-fs
1165 987 1170 998 '
1215 987 1219 1006 '

46 1125 79 1166 ue
94 1099 193 1194 digua
210 1104 268 1172 ost.
322 1104 398 1170 Neo
414 1125 501 1190 quae
519 1097 752 1212 §utfeldtium
771 1095 1028 1196 egregius'sorie'

29 1225 122 1328 suot,
151 1233 369 1313 argumenta
398 1219 535 1298 attulit,
582 1221 684 1287 nobis
711 1215 930 1312 persuadere*
946 1219 1031 1310 pos·'

28 1333 125 1416 sunt,
171 1360 363 1406 nervorum
394 1343 568 1404 actionem
602 1343 757 1407 motibus
792 1345 1019 1408 contractivis

44 1455 149 1543 persici.
219 1455 391 1542 Namque
406 1453 531 1527 Homii
552 1456 761 1562 observatio,
796 1479 923 1525 nervos
948 1459 1017 1524 dis·
1027 1467 1047 1492 ⁸

44 1574 120 1642 cissos
147 1572 335 1651 contrahi,
377 1553 440 1638 ad
457 1547 694 1673 elastiostatem
728 1541 1029 1654 velamentorum,

43 1689 276 1782 Schlichtingii
306 1654 553 1757 animadversio
584 1691 641 1756 de
652 1691 854 1764 convulstvis
879 1697 1027 1760 cerebri

20 1815 148 1888 irritati
169 1813 324 1878 motibus
353 1822 428 1876 tum
455 1810 500 1875 ad
523 1805 600 1877 vasa
625 1813 701 1876 tum'
720 1811 768 1876 ad
794 1814 1014 1891 membranas
1133 1841 1141 1850 ·
1253 1829 1254 1836 ’

21 1925 22 1930 ’
39 1923 157 1996 sbrosas
173 1927 362 2043 reserenda
377 1921 442 1992 est.-

128 2165 176 2236 ΑΝ
190 2189 300 2244 vero,
323 2161 353 2248 *st
368 2163 411 2230 de
425 2169 602 2232 reectione
616 2151 802 2234 nervormn
827 2172 865 2232 in
881 2161 1012 2230 muscu-

28 2281 73 2350 los
103 2283 207 2356 sermo
244 2285 317 2362 est,
356 2284 629 2352 velamentorum
646 2300 792 2376 ¹motum¹
814 2284 1010 2372 quemdam,

28 2404 73 2468 vel
93 2407 372 2500 peristalticum‚
407 2405 542 2489 qualem
566 2402 771 2470 acutissimus
794 2401 1010 2506 Treviranus

28 2515 146 2601 statuit,
185 2543 322 2612 negare
344 2520 448 2608 plane
472 2526 665 2606 nequimus.
731 2521 870 2586 Etenim
899 2509 1019 2584 multo*

29 2639 181 2710 validiora
215 2641 292 2706 sunt
322 2618 517 2706 {uelamenta
533 2643 787 2726 ¹motoriorum'
805 2645 988 2705 nervorum
1001 2651 1020 2701 Ν·
1057 2641 1061 2658 “

29 2745 207 2827 restituitur
243 2762 348 2824 etiam
381 2731 497 2821 motus
530 2754 766 2832 discisioruru,
807 2753 1009 2820 observante

31 2867 272 2950 brnemmm,
290 2873 359 2936 ob
377 2883 575 2960 reparatum
601 2871 844 2936 velamentum.
906 2871 1034 2964 ,Zimv'
1147 2881 1155 2924 λ
1223 2903 1246 2922 ,Ν

30 3011 240 3060 normannus
254 2975 360 3056 etiam
377 2987 448 3078 ipse
462 3002 600 3056 motum
613 3012 690 3054 oum
704 2989 950 3079 peristaltioum
969 2995 1008 3054 in

27 3119 130 3180 nervis
153 3105 377 3185 animalium,
404 3108 505 3174 acido
523 3106 688 3174 sulfurico
705 3107 908 3186 stimulatis,
933 3115 1018 3172 anim

24 3233 214 3300 madvertit.
266 3223 384 3310 Atque
406 3229 444 3289 in
467 3227 628 3290 omnibus
650 3227 782 3290 morbis
805 3223 1012 3291 convulsrvie

21 3358 199 3442 meninges
210 3349 370 3428 ,maxime
385 3339 504 3418 adfici,
525 3355 599 3406 tum
616 3343 814 3433 Morgaguii
831 3332 904 3407 tum
922 3327 1007 3406 Gre-

22 3465 125 3557 dingii
147 3466 363 3546 aliorumque
380 3455 675 3525 observationibus
696 3456 837 3523 constat.
896 3453 1009 3542 Deni-'⁴

19 3603 78 3664 que
94 3579 256 3672 rugosam
270 3576 542 3644 velamentorum
558 3571 788 3662 superficiem,
804 3596 905 3662 quam
917 3569 1017 3641 Fon·
1052 3631 1056 3636 .

18 3710 95 3766 tana
110 3712 152 3797 et
164 3691 336 3764 Monroue
350 3693 530 3792 viderunt,
556 3691 708 3782 optimus
724 3691 937 3763 Treviranus
962 3691 1007 3756 ad

16 3792 293 3896 confirmandam
305 3813 397 3880 sua'm
413 3810 618 3878 sententiam
635 3802 816 3888 adhibet.
