2606 4784
132 441 136 448 '
227 467 228 475 ι
278 456 352 541 244
368 387 479 522 ιιι.
496 452 557 522 ιν.
581 359 990 544 ιἰιιζιιιιοιιιιιιιιιιι.
1006 437 1247 546 Acmona.

363 645 434 714 Si
450 669 537 740 aqua
552 647 762 714 intermedia
777 643 900 712 salibus
916 645 1198 736 impraegnatur,
1229 642 1289 706 ef-

181 761 184 770 ’
276 767 392 833 fectus
410 769 589 837 columnae
606 764 788 863 infigniter
804 777 958 856 augetur.
1011 764 1139 830 Voltae
1156 773 1286 828 autem

160 891 167 908 ’
278 899 329 952 et
349 883 479 950 Ritteri
511 890 697 982 opinione,
735 881 758 947 fi
787 889 931 950 intimus
965 862 1060 948 deelt
1092 879 1286 947 conflictus

276 1013 373 1073 iuter
385 1005 525 1070 metalla
543 1017 579 1070 et
592 995 755 1070 humidos
771 1003 1014 1096 conductores,
1033 983 1284 1068 electricitatis

277 1129 368 1189 ratio
390 1127 587 1188 invertitur.
640 1118 740 1211 Quae
765 1125 917 1186 examini
937 1129 1100 1184 accurato
1124 1117 1286 1185 subiecta

205 1257 211 1262 “
278 1249 399 1333 opinio
411 1263 435 1304 a
450 1238 576 1304 Pfaffio
591 1241 813 1328 repudiatur,
840 1239 933 1338 quod
952 1237 1050 1302 acida
1065 1242 1191 1302 omnia
1197 1259 1285 1300 cum

278 1341 430 1428 metallis
463 1360 591 1444 ubique
621 1364 819 1446 negativam
853 1355 1035 1422 ostendant
1067 1351 1281 1439 tenfionem,

209 1559 211 1568 A
279 1473 410 1544 iloalia'
422 1497 506 1556 vero
532 1485 567 1538 et
587 1472 698 1562 hepar
722 1472 858 1538 sulfuris
883 1467 1054 1563 perpetuo
1085 1471 1278 1562 pofitivam.

259 1575 262 1586 ¹
279 1591 406 1660 Neutri
419 1589 503 1656 sales
519 1589 615 1674 nullo
630 1591 735 1655 modo
750 1589 890 1678 metalla
905 1603 1039 1656 mutare
1054 1591 1191 1667 valent,
1212 1589 1277 1655 nili

280 1715 401 1790 soluti,
433 1711 525 1776 unde
551 1707 712 1787 Pfaffius‚
739 1716 797 1796 qui
823 1711 931 1776 loluta
953 1712 1079 1778 forma·
1094 1731 1153 1776 eos
1180 1709 1274 1776 adhi-

279 1823 374 1910 ont,
400 1831 477 1896 alia.
492 1841 656 1918 expertus
681 1827 788 1896 eltae
813 1829 977 1925 Datyus,
1007 1837 1066 1916 qui
1090 1827 1195 1898 ficcos
1218 1849 1276 1896 eos

279 1951 365 2074 sales
382 1950 550 2040 applicuit
575 1949 683 2030 (etth.
698 1947 789 2014 Αιιιι.
804 1950 950 2018 XXVIII.
974 1947 1089 2032 242).

322 2064 501 2133 Irrifit
516 2067 599 2133 olim
611 2061 863 2132 Waltrumbius
880 2065 1158 2157 Rupprechtium
1175 2069 1274 2134 redu·

279 2192 435 2252 'ctionem
452 2196 628 2263 terrarum
652 2187 689 2246 in
703 2183 843 2248 metalla
859 2191 1066 2270 iactantem
1093 2185 1149 2252 led
1165 2205 1272 2276 nuper

280 2301 424 2393 Davyus
456 2319 501 2362 ex
529 2273 693 2364 alcalibus
731 2301 941 2368 metallicam
963 2293 1096 2370 elicuit
1128 2303 1269 2368 substan·

281 2429 385 2496 tiam,
423 2439 529 2503 quaa,
532 2415 697 2483 summe
728 2415 1002 2499 inflammab'llis,
1044 2413 1169 2489 melius
1205 2425 1270 2488 ele·

207 2527 209 2534 ’
282 2526 493 2602 otrieitatem
518 2555 619 2620 quam
642 2534 714 2625 ipsa
740 2533 860 2604 alcalia
884 2539 1066 2617 conducit,
1093 2561 1199 2628 aquae
1220 2547 1287 2608 ins

280 2665 379 2722 natat
401 2654 438 2720 et'
459 2672 538 2723 eunt
552 2659 725 2722 mercurio
743 2657 932 2749 amalgama
947 2651 1136 2724 donstituit.

749 2855 808 2930 58.

327 3007 496 3074 Inter
519 3009 749 3076 conductores
770 3014 1067 3104 excitatoresque
1064 2997 1282 3080 Galvanilmi

281 3131 318 3187 et
340 3136 459 3212 partes
481 3127 681 3193 animalium
698 3127 931 3197 numerandas
957 3127 1040 3205 esse,
1065 3131 1281 3234 iampridem

178 3283 181 3293 =
224 3290 232 3310 ,
280 3228 496 3328 observatum
512 3244 598 3309 inite
622 3240 788 3331 ipsasque
802 3248 906 3308 etiam
924 3243 1081 3332 plantas,
1106 3235 1280 3352 lioottarp

278 3361 324 3426 de
348 3374 384 3426 et
405 3359 485 3428 satis
507 3336 653 3428 notabili
669 3368 838 3452 temporis
854 3363 1037 3454 dispendio
1056 3366 1265 3433 Galvanilmo

172 3555 175 3562 ἢ
254 3479 441 3554 obedire,
474 3475 690 3546 Treviranns
718 3479 925 3568 iampridem
949 3483 1059 3566 (atto.
1081 3483 1171 3550 Αιιιι.
1196 3481 1263 3548 Vll,

282 3584 365 3656 281.
390 3610 427 3656 et
448 3595 534 3659 Biol.
559 3596 605 3660 II.
630 3594 739 3676 442.)
771 3617 810 3660 as
828 3597 968 3662 .Ginlius
995 3619 1108 3688 nuper
1137 3601 1266 3688 experti

279 3705 357 3772 lunt
371 3710 537 3811 (Gelilens
550 3713 670 3780 Ioum.
692 3711 749 3776 VI.
766 3708 886 3794 455.)
924 3707 1012 3778 Cum
1027 3709 1262 3790 Humboldti0‚'

281 3833 497 3968 egregiarum
521 3829 797 3900 observationum
819 3835 1024 3950 inventore,
1051 3848 1087 3902 et
1106 3835 1207 3905 volta
1230 3842 1258 3896 et

1160 3948 1262 4022 Heid
