2612 4782
240 491 533 567 EFFECTIBUS
556 493 621 566 ET
647 492 862 568 LEGIBUS.
887 583 889 586 Ι
982 511 1062 570 ηπ

168 685 374 760 Acutisstma
404 705 520 766 tamen
553 691 640 760 haec
679 693 814 762 theoria
844 696 1053 766 dubitationi

38 811 170 874 locum
186 813 350 897 praebet,
373 808 395 874 fi
414 811 590 878 confilium
606 813 849 878 transierimus
868 815 910 880 td
933 837 1052 880 excre-
1089 869 1093 878 .

40 937 190 1008 tionem
221 935 340 994 urinae
369 931 618 1008 voluntariam,
666 919 905 1002 contractione
937 942 1054 1023 potius

41 1046 366 1138 longitudinalium
387 1045 515 1114 vesicae
540 1045 702 1115 fibrarum
721 1067 821 1133 quam
838 1049 1053 1118 relaxatione
1070 1085 1074 1092 κ

41 1163 266 1254 sphincteris
284 1151 510 1252 productam,
534 1165 579 1228 ad
600 1161 768 1230 firmatam
783 1139 899 1254 postus
914 1167 1053 1252 consue·
1143 1213 1148 1220 -

42 1283 176 1346 tudine
187 1301 298 1366 ¹quam
317 1280 532 1346 debilitatam
549 1287 749 1387 victoriam,
773 1305 875 1368 quum
892 1286 1053 1352 voluntas

46 1422 63 1463 e
79 1397 247 1464 sensuum
262 1401 500 1462 incitamentis
514 1411 686 1486 reportat,
712 1397 840 1464 etiamsi
862 1423 951 1466 nova
963 1400 1053 1468 haec

47 1515 281 1592 accesserint,
308 1515 449 1598 tandem
474 1517 516 1580 ad
539 1517 792 1584 relaxationem
815 1517 1051 1611 sphincterum

47 1635 344 1733 inmoribundiS,
369 1636 430 1702 ubi
447 1635 635 1706 voluntatis
650 1644 837 1731 imperium
853 1640 966 1707 cessat.

530 1865 590 1932 71.

667 1936 678 1962 0

151 1995 344 2062 Maiorem
365 1993 448 2060 huic
472 1994 662 2080 quaestioni
682 1995 794 2062 lucem
812 1995 970 2061 foenerat
988 1996 1055 2065 alia

41 2119 120 2184 lex.
207 2113 435 2182 Stimulorum
459 2105 586 2202 nempe
611 2115 756 2180 duorum
782 2117 877 2180 idem
898 2134 1054 2206 organon

51 2243 305 2327 occupantium
329 2234 475 2300 alterum
497 2235 666 2300 duntaxat
687 2235 779 2323 posse
798 2242 970 2302 actionem
987 2228 1069 2302 sus·¹

52 2365 187 2432 citare,
222 2353 368 2417 alterum
389 2371 495 2428 vero,
525 2351 957 2445 plerumquendebiliorem
981 2351 1056 2442 sup·

51 2475 162 2563 primi
180 2482 240 2534 aut
256 2468 381 2558 frangi.
434 2465 528 2538 Hinc
547 2473 771 2558 receptivitas
788 2471 954 2558 peculiari
973 2489 1056 2554 quo·
1154 2455 1161 2476 ’

53 2593 135 2656 dam
161 2586 299 2660 stimulo
324 2590 495 2662 excitato,
521 2585 684 2669 quamdiu
705 2591 797 2650 actio
810 2585 937 2652 stimuli
952 2580 1056 2652 huius

52 2710 177 2782 durat,
202 2708 337 2768 ratione
359 2701 503 2766 aliorum
525 2699 777 2789 pessumdatur,
803 2703 895 2768 unde
913 2703 1056 2768 alterius

52 2826 214 2912 contagii
243 2817 413 2884 filenuum
446 2824 654 2910 exponitur,
693 2817 717 2882 fi
747 2819 894 2884 alterum
928 2836 1055 2910 corpus
1127 2818 1131 2826 '

53 2945 253 3031 occupavit.
308 2963 312 2972 ¹
366 2963 370 2970 ·

173 3053 411 3124 Nihilominus
435 3065 552 3120 tamen
575 3053 704 3122 stimuli
727 3059 815 3126 varii
839 3060 881 3120 in
905 3053 1056 3122 diuersas

53 3179 182 3269 organi
213 3170 390 3262 compositi
422 3185 539 3260 partes
555 3185 710 3262 ‘agentes
739 3169 903 3235 suscitare
937 3172 1057 3238 volent
1171 3207 1176 3216 ·

50 3295 268 3381 disserentes
291 3293 464 3364 actionem,
484 3285 590 3370 ⁸quod
612 3288 1056 3374 perpetuacerebriactio

47 3415 193 3504 probat.
244 3407 340 3473 Dum
367 3409 459 3471 enim
482 3408 634 3492 percipit
649 3425 714 3490 per
725 3422 852 3468 nervos
867 3416 1056 3468 res-exter·
1086 3468 1089 3472 ,

48 3553 141 3608 nas,
165 3519 402 3614 semetipsum
423 3519 626 3608 reproducit
647 3531 684 3584 et
705 3522 743 3584 in
766 3524 923 3608 corporis
938 3533 1056 3611 partes

46 3611 182 3746 reagit.
234 3645 314 3716 Pari
336 3645 411 3713 sere
437 3642 542 3706 modo
570 3653 605 3705 et
624 3639 767 3706 musculi
790 3647 946 3720 externi,
973 3643 1056 3707 dum

45 3789 175 3843 motus
199 3777 385 3848 exercent,
411 3759 507 3828 smut
529 3760 674 3828 stimulis
698 3761 870 3852 sanguinis
892 3761 1057 3828 naturali·

45 3896 117 3963 bus
138 3892 360 3960 excitantur.
437 3875 513 3950 Sed
549 3877 770 3968 praevalente
800 3891 919 3944 tamen
948 3877 1057 3949 altera
