<?xml version="1.0" encoding="UTF-8"?>
<!DOCTYPE html PUBLIC "-//W3C//DTD XHTML 1.0 Transitional//EN"
    "http://www.w3.org/TR/xhtml1/DTD/xhtml1-transitional.dtd">
<html xmlns="http://www.w3.org/1999/xhtml" xml:lang="en" lang="en">
 <head>
  <title>
</title>
<meta http-equiv="Content-Type" content="text/html;charset=utf-8" />
  <meta name='ocr-system' content='tesseract 3.04.00' />
  <meta name='ocr-capabilities' content='ocr_page ocr_carea ocr_par ocr_line ocrx_word'/>
</head>
<body>
  <div class='ocr_page' id='page_1' title='image "./curtiisprengeli04spregoog_0234.png"; bbox 0 0 2612 4782; ppageno 0'>
   <div class='ocr_carea' id='block_1_1' title="bbox 104 467 1097 612">
    <p class='ocr_par' dir='ltr' id='par_1_1' title="bbox 104 467 1097 634">
     <span class='ocr_line' id='line_1_1' title="bbox 104 467 1097 612; baseline 0.001 -25"><span class='ocrx_word' id='word_1_1' title='bbox 104 514 108 528; x_wconf 86' lang='lat'><strong>·</strong></span> <span class='ocrx_word' id='word_1_2' title='bbox 217 467 508 588; x_wconf 74' lang='lat' dir='ltr'>arraornus</span> <span class='ocrx_word' id='word_1_3' title='bbox 532 491 599 586; x_wconf 78' lang='lat' dir='ltr'>Er</span> <span class='ocrx_word' id='word_1_4' title='bbox 619 513 867 592; x_wconf 55' lang='lat' dir='ltr'>LEGIBUS,</span> <span class='ocrx_word' id='word_1_5' title='bbox 952 540 1025 612; x_wconf 81' lang='lat'>209</span> <span class='ocrx_word' id='word_1_6' title='bbox 1089 546 1097 564; x_wconf 89' lang='lat'><strong>·</strong></span> 
     </span>
    </p>
   </div>
   <div class='ocr_carea' id='block_1_2' title="bbox 11 677 1123 926">
    <p class='ocr_par' dir='ltr' id='par_1_2' title="bbox 11 677 1123 926">
     <span class='ocr_line' id='line_1_2' title="bbox 12 677 1123 811; baseline -0.002 -27"><span class='ocrx_word' id='word_1_7' title='bbox 12 717 166 784; x_wconf 84' lang='lat' dir='ltr'><strong>Etenim</strong></span> <span class='ocrx_word' id='word_1_8' title='bbox 183 738 254 782; x_wconf 91' lang='lat' dir='ltr'>non</span> <span class='ocrx_word' id='word_1_9' title='bbox 270 713 332 782; x_wconf 90' lang='lat' dir='ltr'>soli</span> <span class='ocrx_word' id='word_1_10' title='bbox 347 713 425 786; x_wconf 85' lang='lat' dir='ltr'>sunt</span> <span class='ocrx_word' id='word_1_11' title='bbox 439 713 566 782; x_wconf 85' lang='lat' dir='ltr'>stimuli</span> <span class='ocrx_word' id='word_1_12' title='bbox 581 721 737 795; x_wconf 83' lang='lat' dir='ltr'>externi,</span> <span class='ocrx_word' id='word_1_13' title='bbox 754 715 876 811; x_wconf 59' lang='lat' dir='ltr'>quibu}</span> <span class='ocrx_word' id='word_1_14' title='bbox 896 733 1026 808; x_wconf 85' lang='lat' dir='ltr'>organa</span> <span class='ocrx_word' id='word_1_15' title='bbox 1066 677 1093 794; x_wconf 39' lang='grc'>1,</span> <span class='ocrx_word' id='word_1_16' title='bbox 1112 693 1123 790; x_wconf 44' lang='lat' dir='ltr'>J</span> 
     </span>
     <span class='ocr_line' id='line_1_3' title="bbox 11 833 1026 926; baseline -0.005 -21"><span class='ocrx_word' id='word_1_17' title='bbox 11 846 239 913; x_wconf 82' lang='lat' dir='ltr'>incitantur,</span> <span class='ocrx_word' id='word_1_18' title='bbox 264 835 322 900; x_wconf 87' lang='lat' dir='ltr'>sed</span> <span class='ocrx_word' id='word_1_19' title='bbox 345 833 416 924; x_wconf 87' lang='lat' dir='ltr'>ipsa</span> <span class='ocrx_word' id='word_1_20' title='bbox 439 858 646 926; x_wconf 82' lang='lat' dir='ltr'>organorum</span> <span class='ocrx_word' id='word_1_21' title='bbox 671 842 763 902; x_wconf 89' lang='lat' dir='ltr'>actio</span> <span class='ocrx_word' id='word_1_22' title='bbox 780 841 959 924; x_wconf 82' lang='lat' dir='ltr'>reciproca</span> <span class='ocrx_word' id='word_1_23' title='bbox 973 839 1026 900; x_wconf 91' lang='lat' dir='ltr'>in·</span> 
     </span>
    </p>
   </div>
   <div class='ocr_carea' id='block_1_3' title="bbox 13 935 1173 1042">
    <p class='ocr_par' dir='ltr' id='par_1_3' title="bbox 13 935 1173 1042">
     <span class='ocr_line' id='line_1_4' title="bbox 13 935 1173 1042; baseline -0.004 -20"><span class='ocrx_word' id='word_1_24' title='bbox 13 957 139 1022; x_wconf 89' lang='lat' dir='ltr'>tendit</span> <span class='ocrx_word' id='word_1_25' title='bbox 168 945 314 1017; x_wconf 88' lang='lat' dir='ltr'>aliorum</span> <span class='ocrx_word' id='word_1_26' title='bbox 337 970 565 1042; x_wconf 83' lang='lat' dir='ltr'>organorum,</span> <span class='ocrx_word' id='word_1_27' title='bbox 598 959 751 1017; x_wconf 88' lang='lat' dir='ltr'>maxime</span> <span class='ocrx_word' id='word_1_28' title='bbox 776 945 914 1029; x_wconf 85' lang='lat' dir='ltr'>eorum,</span> <span class='ocrx_word' id='word_1_29' title='bbox 936 973 1026 1037; x_wconf 86' lang='lat' dir='ltr'>quaa</span> <span class='ocrx_word' id='word_1_30' title='bbox 1061 1015 1063 1019; x_wconf 87' lang='grc'>,</span> <span class='ocrx_word' id='word_1_31' title='bbox 1142 935 1173 970; x_wconf 64' lang='grc'>”</span> 
     </span>
    </p>
   </div>
   <div class='ocr_carea' id='block_1_4' title="bbox 3 1060 1146 3414">
    <p class='ocr_par' dir='ltr' id='par_1_4' title="bbox 3 1060 1139 1634">
     <span class='ocr_line' id='line_1_5' title="bbox 3 1060 1027 1160; baseline -0.011 -16"><span class='ocrx_word' id='word_1_32' title='bbox 3 1084 50 1144; x_wconf 48' lang='lat' dir='ltr'>¹in</span> <span class='ocrx_word' id='word_1_33' title='bbox 74 1069 250 1140; x_wconf 80' lang='lat' dir='ltr'>antithesi</span> <span class='ocrx_word' id='word_1_34' title='bbox 273 1060 367 1148; x_wconf 85' lang='lat' dir='ltr'>sunt,</span> <span class='ocrx_word' id='word_1_35' title='bbox 391 1077 681 1160; x_wconf 86' lang='lat' dir='ltr'>receptivitatem.</span> <span class='ocrx_word' id='word_1_36' title='bbox 733 1071 853 1156; x_wconf 86' lang='lat' dir='ltr'>Itaque</span> <span class='ocrx_word' id='word_1_37' title='bbox 870 1071 1027 1136; x_wconf 88' lang='lat' dir='ltr'>debilita-</span> 
     </span>
     <span class='ocr_line' id='line_1_6' title="bbox 14 1183 1110 1280; baseline -0.007 -22"><span class='ocrx_word' id='word_1_38' title='bbox 14 1207 48 1258; x_wconf 87' lang='lat' dir='ltr'>ta</span> <span class='ocrx_word' id='word_1_39' title='bbox 72 1183 270 1280; x_wconf 82' lang='lat' dir='ltr'>spirituois</span> <span class='ocrx_word' id='word_1_40' title='bbox 291 1189 432 1276; x_wconf 89' lang='lat' dir='ltr'>potibus</span> <span class='ocrx_word' id='word_1_41' title='bbox 464 1207 594 1277; x_wconf 84' lang='lat' dir='ltr'>organa</span> <span class='ocrx_word' id='word_1_42' title='bbox 623 1183 807 1278; x_wconf 84' lang='lat' dir='ltr'>digestioni</span> <span class='ocrx_word' id='word_1_43' title='bbox 830 1187 946 1252; x_wconf 87' lang='lat' dir='ltr'>dicata</span> <span class='ocrx_word' id='word_1_44' title='bbox 967 1207 1029 1251; x_wconf 89' lang='lat' dir='ltr'>ne·</span> <span class='ocrx_word' id='word_1_45' title='bbox 1108 1257 1110 1262; x_wconf 22' lang='lat'><strong><em>¹</em></strong></span> 
     </span>
     <span class='ocr_line' id='line_1_7' title="bbox 17 1291 1139 1402; baseline -0.009 -24"><span class='ocrx_word' id='word_1_46' title='bbox 17 1321 161 1402; x_wconf 89' lang='lat' dir='ltr'>queunt</span> <span class='ocrx_word' id='word_1_47' title='bbox 176 1305 332 1400; x_wconf 82' lang='lat' dir='ltr'>stimulos</span> <span class='ocrx_word' id='word_1_48' title='bbox 356 1327 414 1371; x_wconf 90' lang='lat' dir='ltr'>eos</span> <span class='ocrx_word' id='word_1_49' title='bbox 431 1311 589 1376; x_wconf 86' lang='lat' dir='ltr'>internos</span> <span class='ocrx_word' id='word_1_50' title='bbox 603 1305 820 1394; x_wconf 84' lang='lat' dir='ltr'>salubresque</span> <span class='ocrx_word' id='word_1_51' title='bbox 837 1305 913 1371; x_wconf 90' lang='lat' dir='ltr'>aliis</span> <span class='ocrx_word' id='word_1_52' title='bbox 931 1325 1032 1395; x_wconf 85' lang='lat' dir='ltr'>prae·</span> <span class='ocrx_word' id='word_1_53' title='bbox 1127 1291 1139 1368; x_wconf 60' lang='grc' dir='ltr'>ζ</span> 
     </span>
     <span class='ocr_line' id='line_1_8' title="bbox 18 1423 1032 1518; baseline -0.009 -19"><span class='ocrx_word' id='word_1_54' title='bbox 18 1437 108 1499; x_wconf 86' lang='lat' dir='ltr'>bere</span> <span class='ocrx_word' id='word_1_55' title='bbox 126 1433 293 1518; x_wconf 81' lang='lat' dir='ltr'>organis,</span> <span class='ocrx_word' id='word_1_56' title='bbox 319 1425 410 1489; x_wconf 77' lang='lat' dir='ltr'>unde</span> <span class='ocrx_word' id='word_1_57' title='bbox 434 1423 520 1490; x_wconf 87' lang='lat' dir='ltr'>haec</span> <span class='ocrx_word' id='word_1_58' title='bbox 546 1423 719 1491; x_wconf 87' lang='lat' dir='ltr'>infirmata</span> <span class='ocrx_word' id='word_1_59' title='bbox 739 1430 844 1492; x_wconf 86' lang='lat' dir='ltr'>nimis</span> <span class='ocrx_word' id='word_1_60' title='bbox 860 1425 1032 1516; x_wconf 85' lang='lat' dir='ltr'>proclivia</span> 
     </span>
     <span class='ocr_line' id='line_1_9' title="bbox 18 1539 612 1634; baseline -0.013 -17"><span class='ocrx_word' id='word_1_61' title='bbox 18 1551 61 1616; x_wconf 86' lang='lat' dir='ltr'>ad</span> <span class='ocrx_word' id='word_1_62' title='bbox 78 1543 328 1634; x_wconf 56' lang='lat' dir='ltr'>suscipiendos</span> <span class='ocrx_word' id='word_1_63' title='bbox 347 1539 503 1607; x_wconf 86' lang='lat' dir='ltr'>stimulos</span> <span class='ocrx_word' id='word_1_64' title='bbox 517 1541 612 1610; x_wconf 83' lang='lat' dir='ltr'>fiunt.</span> 
     </span>
    </p>

    <p class='ocr_par' dir='ltr' id='par_1_5' title="bbox 16 1647 1146 3414">
     <span class='ocr_line' id='line_1_10' title="bbox 35 1647 1034 1749; baseline -0.002 -21"><span class='ocrx_word' id='word_1_65' title='bbox 35 1711 40 1717; x_wconf 83' lang='lat'>-</span> <span class='ocrx_word' id='word_1_66' title='bbox 144 1659 223 1728; x_wconf 86' lang='lat' dir='ltr'>Sed</span> <span class='ocrx_word' id='word_1_67' title='bbox 244 1664 354 1724; x_wconf 88' lang='lat' dir='ltr'>oritur</span> <span class='ocrx_word' id='word_1_68' title='bbox 380 1664 485 1722; x_wconf 84' lang='lat' dir='ltr'>etiam</span> <span class='ocrx_word' id='word_1_69' title='bbox 511 1659 672 1727; x_wconf 85' lang='lat' dir='ltr'>debilitas</span> <span class='ocrx_word' id='word_1_70' title='bbox 698 1647 938 1730; x_wconf 65' lang='lat' dir='ltr'>actionum&#39;ab</span> <span class='ocrx_word' id='word_1_71' title='bbox 960 1657 1034 1749; x_wconf 87' lang='lat' dir='ltr'>ipsa</span> 
     </span>
     <span class='ocr_line' id='line_1_11' title="bbox 18 1771 1031 1867; baseline -0.011 -16"><span class='ocrx_word' id='word_1_72' title='bbox 18 1775 516 1864; x_wconf 77' lang='lat' dir='ltr'>stimulonim&#39;applicatione,</span> <span class='ocrx_word' id='word_1_73' title='bbox 543 1771 585 1854; x_wconf 84' lang='lat' dir='ltr'>fi,</span> <span class='ocrx_word' id='word_1_74' title='bbox 610 1773 696 1842; x_wconf 88' lang='lat' dir='ltr'>licet</span> <span class='ocrx_word' id='word_1_75' title='bbox 717 1783 832 1867; x_wconf 88' lang='lat' dir='ltr'>primo</span> <span class='ocrx_word' id='word_1_76' title='bbox 852 1773 1031 1858; x_wconf 82' lang='lat' dir='ltr'>momento</span> 
     </span>
     <span class='ocr_line' id='line_1_12' title="bbox 19 1877 1034 1970; baseline -0.011 -3"><span class='ocrx_word' id='word_1_77' title='bbox 19 1901 229 1966; x_wconf 85' lang='lat' dir='ltr'>efficaciam</span> <span class='ocrx_word' id='word_1_78' title='bbox 258 1891 436 1968; x_wconf 74' lang='lat' dir='ltr'>limitent,</span> <span class='ocrx_word' id='word_1_79' title='bbox 469 1896 493 1956; x_wconf 92' lang='lat' dir='ltr'>i.</span> <span class='ocrx_word' id='word_1_80' title='bbox 523 1913 552 1956; x_wconf 89' lang='lat' dir='ltr'>e.</span> <span class='ocrx_word' id='word_1_81' title='bbox 580 1896 749 1970; x_wconf 84' lang='lat' dir='ltr'>incitent,</span> <span class='ocrx_word' id='word_1_82' title='bbox 785 1892 880 1958; x_wconf 88' lang='lat' dir='ltr'>simul</span> <span class='ocrx_word' id='word_1_83' title='bbox 909 1877 1034 1958; x_wconf 44' lang='lat' dir='ltr'>‘tamen</span> 
     </span>
     <span class='ocr_line' id='line_1_13' title="bbox 17 2009 1039 2114; baseline -0.017 -23"><span class='ocrx_word' id='word_1_84' title='bbox 17 2022 152 2114; x_wconf 85' lang='lat' dir='ltr'>polare</span> <span class='ocrx_word' id='word_1_85' title='bbox 193 2013 231 2080; x_wconf 87' lang='lat' dir='ltr'>id</span> <span class='ocrx_word' id='word_1_86' title='bbox 269 2012 479 2076; x_wconf 84' lang='lat' dir='ltr'>elementum</span> <span class='ocrx_word' id='word_1_87' title='bbox 511 2009 622 2104; x_wconf 80' lang='lat' dir='ltr'>ligant</span> <span class='ocrx_word' id='word_1_88' title='bbox 658 2024 717 2078; x_wconf 88' lang='lat' dir='ltr'>aut</span> <span class='ocrx_word' id='word_1_89' title='bbox 745 2012 849 2081; x_wconf 89' lang='lat' dir='ltr'>nihili</span> <span class='ocrx_word' id='word_1_90' title='bbox 880 2013 1039 2088; x_wconf 82' lang='lat' dir='ltr'>faciunt,</span> 
     </span>
     <span class='ocr_line' id='line_1_14' title="bbox 19 2129 1059 2230; baseline -0.011 -21"><span class='ocrx_word' id='word_1_91' title='bbox 19 2140 124 2230; x_wconf 87' lang='lat' dir='ltr'>quod</span> <span class='ocrx_word' id='word_1_92' title='bbox 140 2143 182 2203; x_wconf 92' lang='lat' dir='ltr'>in</span> <span class='ocrx_word' id='word_1_93' title='bbox 199 2137 319 2220; x_wconf 84' lang='lat' dir='ltr'>quovis</span> <span class='ocrx_word' id='word_1_94' title='bbox 336 2137 466 2228; x_wconf 84' lang='lat' dir='ltr'>organo</span> <span class='ocrx_word' id='word_1_95' title='bbox 481 2131 685 2220; x_wconf 84' lang='lat' dir='ltr'>praepollet.</span> <span class='ocrx_word' id='word_1_96' title='bbox 738 2129 823 2202; x_wconf 88' lang='lat' dir='ltr'>Tali</span> <span class='ocrx_word' id='word_1_97' title='bbox 844 2133 951 2199; x_wconf 87' lang='lat' dir='ltr'>modo</span> <span class='ocrx_word' id='word_1_98' title='bbox 967 2136 1036 2198; x_wconf 84' lang='lat' dir='ltr'>aci·</span> <span class='ocrx_word' id='word_1_99' title='bbox 1058 2137 1059 2142; x_wconf 74' lang='grc'>’</span> 
     </span>
     <span class='ocr_line' id='line_1_15' title="bbox 18 2247 1087 2336; baseline -0.014 -9"><span class='ocrx_word' id='word_1_100' title='bbox 18 2263 115 2327; x_wconf 86' lang='lat' dir='ltr'>dum</span> <span class='ocrx_word' id='word_1_101' title='bbox 154 2255 376 2318; x_wconf 88' lang='lat' dir='ltr'>carbonicum</span> <span class='ocrx_word' id='word_1_102' title='bbox 406 2247 629 2336; x_wconf 83' lang='lat' dir='ltr'>pulmonibus</span> <span class='ocrx_word' id='word_1_103' title='bbox 660 2261 846 2316; x_wconf 86' lang='lat' dir='ltr'>attractum</span> <span class='ocrx_word' id='word_1_104' title='bbox 887 2247 1036 2315; x_wconf 88' lang='lat' dir='ltr'>necessa·</span> <span class='ocrx_word' id='word_1_105' title='bbox 1083 2252 1087 2258; x_wconf 83' lang='lat'>&#39;</span> 
     </span>
     <span class='ocr_line' id='line_1_16' title="bbox 17 2360 1037 2464; baseline -0.011 -21"><span class='ocrx_word' id='word_1_106' title='bbox 17 2388 117 2448; x_wconf 85' lang='lat' dir='ltr'>riam</span> <span class='ocrx_word' id='word_1_107' title='bbox 159 2374 328 2464; x_wconf 82' lang='lat' dir='ltr'>exygenis</span> <span class='ocrx_word' id='word_1_108' title='bbox 361 2372 534 2432; x_wconf 84' lang='lat' dir='ltr'>actionem</span> <span class='ocrx_word' id='word_1_109' title='bbox 561 2369 735 2458; x_wconf 82' lang='lat' dir='ltr'>impedit:¹</span> <span class='ocrx_word' id='word_1_110' title='bbox 771 2369 881 2459; x_wconf 83' lang='lat' dir='ltr'>hepar</span> <span class='ocrx_word' id='word_1_111' title='bbox 899 2360 1037 2433; x_wconf 85' lang='lat' dir='ltr'>sulfuris</span> 
     </span>
     <span class='ocr_line' id='line_1_17' title="bbox 17 2483 1038 2583; baseline -0.015 -20"><span class='ocrx_word' id='word_1_112' title='bbox 17 2491 211 2583; x_wconf 87' lang='lat' dir='ltr'>liquidum</span> <span class='ocrx_word' id='word_1_113' title='bbox 239 2483 383 2551; x_wconf 83' lang='lat' dir='ltr'>musculi</span> <span class='ocrx_word' id='word_1_114' title='bbox 412 2483 684 2552; x_wconf 84' lang='lat' dir='ltr'>irritabilitatem</span> <span class='ocrx_word' id='word_1_115' title='bbox 710 2483 932 2572; x_wconf 58' lang='lat' dir='ltr'>pessumdat?</span> <span class='ocrx_word' id='word_1_116' title='bbox 956 2485 1038 2548; x_wconf 87' lang='lat' dir='ltr'>dum</span> 
     </span>
     <span class='ocr_line' id='line_1_18' title="bbox 16 2597 1146 2704; baseline -0.015 -27"><span class='ocrx_word' id='word_1_117' title='bbox 16 2619 205 2704; x_wconf 86' lang='lat' dir='ltr'>potenter</span> <span class='ocrx_word' id='word_1_118' title='bbox 222 2605 419 2696; x_wconf 83' lang='lat' dir='ltr'>oxygenes,</span> <span class='ocrx_word' id='word_1_119' title='bbox 434 2599 644 2664; x_wconf 88' lang='lat' dir='ltr'>elementum</span> <span class='ocrx_word' id='word_1_120' title='bbox 659 2597 761 2688; x_wconf 88' lang='lat' dir='ltr'>ipsius</span> <span class='ocrx_word' id='word_1_121' title='bbox 776 2601 914 2690; x_wconf 84' lang='lat' dir='ltr'>pclare,</span> <span class='ocrx_word' id='word_1_122' title='bbox 934 2612 1038 2664; x_wconf 84' lang='lat' dir='ltr'>attra·</span> <span class='ocrx_word' id='word_1_123' title='bbox 1144 2642 1146 2652; x_wconf 37' lang='grc' dir='ltr'><strong><em>ι</em></strong></span> 
     </span>
     <span class='ocr_line' id='line_1_19' title="bbox 18 2707 1094 2814; baseline -0.015 -16"><span class='ocrx_word' id='word_1_124' title='bbox 18 2733 95 2798; x_wconf 88' lang='lat' dir='ltr'>hit.</span> <span class='ocrx_word' id='word_1_125' title='bbox 159 2722 223 2790; x_wconf 86' lang='lat' dir='ltr'>Sic</span> <span class='ocrx_word' id='word_1_126' title='bbox 249 2743 335 2807; x_wconf 86' lang='lat' dir='ltr'>aqua</span> <span class='ocrx_word' id='word_1_127' title='bbox 350 2716 566 2785; x_wconf 87' lang='lat' dir='ltr'>Laurocerafi</span> <span class='ocrx_word' id='word_1_128' title='bbox 592 2732 771 2785; x_wconf 88' lang='lat' dir='ltr'>momento</span> <span class='ocrx_word' id='word_1_129' title='bbox 788 2725 890 2785; x_wconf 87' lang='lat' dir='ltr'>citius</span> <span class='ocrx_word' id='word_1_130' title='bbox 904 2707 1051 2814; x_wconf 53' lang='lat' dir='ltr'>paralyss</span> <span class='ocrx_word' id='word_1_131' title='bbox 1092 2765 1094 2773; x_wconf 78' lang='grc'>.</span> 
     </span>
     <span class='ocr_line' id='line_1_20' title="bbox 21 2821 1039 2937; baseline -0.013 -21"><span class='ocrx_word' id='word_1_132' title='bbox 21 2850 77 2915; x_wconf 86' lang='lat' dir='ltr'>fin</span> <span class='ocrx_word' id='word_1_133' title='bbox 96 2841 291 2937; x_wconf 88' lang='lat' dir='ltr'>producit,</span> <span class='ocrx_word' id='word_1_134' title='bbox 314 2861 426 2928; x_wconf 88' lang='lat' dir='ltr'>neque</span> <span class='ocrx_word' id='word_1_135' title='bbox 451 2845 509 2927; x_wconf 88' lang='lat' dir='ltr'>qui</span> <span class='ocrx_word' id='word_1_136' title='bbox 534 2821 702 2905; x_wconf 78' lang='lat' dir='ltr'>cadavera</span> <span class='ocrx_word' id='word_1_137' title='bbox 724 2837 791 2904; x_wconf 89' lang='lat' dir='ltr'>hoe</span> <span class='ocrx_word' id='word_1_138' title='bbox 808 2861 943 2906; x_wconf 87' lang='lat' dir='ltr'>veneno</span> <span class='ocrx_word' id='word_1_139' title='bbox 959 2863 1039 2906; x_wconf 85' lang='lat' dir='ltr'>ene-</span> 
     </span>
     <span class='ocr_line' id='line_1_21' title="bbox 26 2957 1041 3048; baseline -0.007 -16"><span class='ocrx_word' id='word_1_140' title='bbox 26 2981 201 3032; x_wconf 87' lang='lat' dir='ltr'>catorum</span> <span class='ocrx_word' id='word_1_141' title='bbox 217 2961 465 3044; x_wconf 74' lang='lat' dir='ltr'>dissecuerunt,</span> <span class='ocrx_word' id='word_1_142' title='bbox 490 2957 599 3023; x_wconf 88' lang='lat' dir='ltr'>ullum</span> <span class='ocrx_word' id='word_1_143' title='bbox 619 2958 834 3048; x_wconf 78' lang='lat' dir='ltr'>praegressae</span> <span class='ocrx_word' id='word_1_144' title='bbox 850 2959 1041 3026; x_wconf 85' lang='lat' dir='ltr'>inflamma·</span> 
     </span>
     <span class='ocr_line' id='line_1_22' title="bbox 29 3085 1103 3177; baseline -0.015 -21"><span class='ocrx_word' id='word_1_145' title='bbox 29 3097 170 3167; x_wconf 83' lang='lat' dir='ltr'>tionis,</span> <span class='ocrx_word' id='word_1_146' title='bbox 204 3085 385 3177; x_wconf 86' lang='lat' dir='ltr'>vestigium</span> <span class='ocrx_word' id='word_1_147' title='bbox 408 3085 572 3174; x_wconf 81' lang='lat' dir='ltr'>detegere</span> <span class='ocrx_word' id='word_1_148' title='bbox 595 3095 794 3173; x_wconf 79' lang='lat' dir='ltr'>potuentnt.</span> <span class='ocrx_word' id='word_1_149' title='bbox 853 3085 969 3154; x_wconf 87' lang='lat' dir='ltr'>Borda</span> <span class='ocrx_word' id='word_1_150' title='bbox 992 3093 1041 3156; x_wconf 87' lang='lat' dir='ltr'>vi·</span> <span class='ocrx_word' id='word_1_151' title='bbox 1097 3121 1103 3140; x_wconf 63' lang='lat'>,</span> 
     </span>
     <span class='ocr_line' id='line_1_23' title="bbox 23 3193 1146 3292; baseline -0.009 -18"><span class='ocrx_word' id='word_1_152' title='bbox 23 3209 106 3284; x_wconf 78' lang='lat' dir='ltr'>dit,</span> <span class='ocrx_word' id='word_1_153' title='bbox 136 3205 282 3274; x_wconf 89' lang='lat' dir='ltr'>acidum</span> <span class='ocrx_word' id='word_1_154' title='bbox 305 3199 487 3290; x_wconf 80' lang='lat' dir='ltr'>prusstcum</span> <span class='ocrx_word' id='word_1_155' title='bbox 513 3213 547 3264; x_wconf 88' lang='lat' dir='ltr'>et</span> <span class='ocrx_word' id='word_1_156' title='bbox 571 3200 830 3292; x_wconf 82' lang='lat' dir='ltr'>amygdalarum</span> <span class='ocrx_word' id='word_1_157' title='bbox 849 3193 1043 3268; x_wconf 73' lang='lat' dir='ltr'>amararum</span> <span class='ocrx_word' id='word_1_158' title='bbox 1140 3243 1146 3254; x_wconf 88' lang='lat'><strong>·</strong></span> 
     </span>
     <span class='ocr_line' id='line_1_24' title="bbox 19 3316 1102 3414; baseline -0.007 -22"><span class='ocrx_word' id='word_1_159' title='bbox 19 3326 160 3392; x_wconf 90' lang='lat' dir='ltr'>oleum</span> <span class='ocrx_word' id='word_1_160' title='bbox 174 3319 394 3386; x_wconf 87' lang='lat' dir='ltr'>senfilitatem</span> <span class='ocrx_word' id='word_1_161' title='bbox 409 3323 569 3406; x_wconf 87' lang='lat' dir='ltr'>protinus</span> <span class='ocrx_word' id='word_1_162' title='bbox 585 3316 820 3404; x_wconf 87' lang='lat' dir='ltr'>pessumdare,</span> <span class='ocrx_word' id='word_1_163' title='bbox 843 3331 883 3382; x_wconf 91' lang='lat' dir='ltr'>ut</span> <span class='ocrx_word' id='word_1_164' title='bbox 898 3319 1044 3410; x_wconf 81' lang='lat' dir='ltr'>stimulis</span> <span class='ocrx_word' id='word_1_165' title='bbox 1094 3393 1102 3414; x_wconf 44' lang='grc' dir='ltr'><em>Ι</em></span> 
     </span>
    </p>
   </div>
   <div class='ocr_carea' id='block_1_5' title="bbox 13 3428 1182 3644">
    <p class='ocr_par' dir='ltr' id='par_1_6' title="bbox 13 3428 1182 3644">
     <span class='ocr_line' id='line_1_25' title="bbox 13 3428 1169 3524; baseline -0.01 -16"><span class='ocrx_word' id='word_1_166' title='bbox 13 3439 251 3508; x_wconf 80' lang='lat' dir='ltr'>fortioribus</span> <span class='ocrx_word' id='word_1_167' title='bbox 289 3433 432 3498; x_wconf 85' lang='lat' dir='ltr'>demum&#39;</span> <span class='ocrx_word' id='word_1_168' title='bbox 453 3430 619 3496; x_wconf 78' lang='lat' dir='ltr'>&#39;suscitari</span> <span class='ocrx_word' id='word_1_169' title='bbox 648 3428 758 3520; x_wconf 78' lang='lat' dir='ltr'>possit.</span> <span class='ocrx_word' id='word_1_170' title='bbox 833 3430 1046 3524; x_wconf 85' lang='lat' dir='ltr'>Accepimus</span> <span class='ocrx_word' id='word_1_171' title='bbox 1133 3451 1169 3498; x_wconf 57' lang='lat'>„·</span> 
     </span>
     <span class='ocr_line' id='line_1_26' title="bbox 14 3545 1182 3644; baseline -0.008 -20"><span class='ocrx_word' id='word_1_172' title='bbox 14 3564 150 3624; x_wconf 86' lang='lat' dir='ltr'>etiam</span> <span class='ocrx_word' id='word_1_173' title='bbox 173 3551 368 3644; x_wconf 83' lang='lat' dir='ltr'>Digitalem</span> <span class='ocrx_word' id='word_1_174' title='bbox 391 3569 600 3639; x_wconf 86' lang='lat' dir='ltr'>purpuream</span> <span class='ocrx_word' id='word_1_175' title='bbox 622 3547 720 3614; x_wconf 88' lang='lat' dir='ltr'>illico</span> <span class='ocrx_word' id='word_1_176' title='bbox 742 3545 962 3618; x_wconf 87' lang='lat' dir='ltr'>senfilitatem</span> <span class='ocrx_word' id='word_1_177' title='bbox 981 3556 1062 3618; x_wconf 82' lang='lat' dir='ltr'>mi·&#39;</span> <span class='ocrx_word' id='word_1_178' title='bbox 1178 3590 1182 3599; x_wconf 91' lang='lat'><em>·</em></span> 
     </span>
    </p>
   </div>
   <div class='ocr_carea' id='block_1_6' title="bbox 8 3655 1135 4000">
    <p class='ocr_par' dir='ltr' id='par_1_7' title="bbox 8 3655 1135 4000">
     <span class='ocr_line' id='line_1_27' title="bbox 8 3655 1135 3760; baseline -0.007 -18"><span class='ocrx_word' id='word_1_179' title='bbox 8 3695 151 3744; x_wconf 80' lang='lat' dir='ltr'>nuere</span> <span class='ocrx_word' id='word_1_180' title='bbox 181 3681 218 3735; x_wconf 89' lang='lat' dir='ltr'>et</span> <span class='ocrx_word' id='word_1_181' title='bbox 241 3666 373 3760; x_wconf 79' lang='lat' dir='ltr'>pullum</span> <span class='ocrx_word' id='word_1_182' title='bbox 395 3655 585 3731; x_wconf 84' lang='lat' dir='ltr'>retardare.</span> <span class='ocrx_word' id='word_1_183' title='bbox 640 3663 762 3756; x_wconf 72' lang='grc' dir='ltr'>ὃίιηὶῌ</span> <span class='ocrx_word' id='word_1_184' title='bbox 781 3667 904 3748; x_wconf 86' lang='lat' dir='ltr'>modo,</span> <span class='ocrx_word' id='word_1_185' title='bbox 929 3669 1045 3760; x_wconf 90' lang='lat' dir='ltr'>paullo</span> <span class='ocrx_word' id='word_1_186' title='bbox 1134 3655 1135 3659; x_wconf 24' lang='lat'>¹</span> 
     </span>
     <span class='ocr_line' id='line_1_28' title="bbox 8 3783 1048 3886; baseline -0.013 -23"><span class='ocrx_word' id='word_1_187' title='bbox 8 3799 157 3886; x_wconf 85' lang='lat' dir='ltr'>magis</span> <span class='ocrx_word' id='word_1_188' title='bbox 180 3803 301 3854; x_wconf 89' lang='lat' dir='ltr'>tamen</span> <span class='ocrx_word' id='word_1_189' title='bbox 324 3791 427 3882; x_wconf 84' lang='lat' dir='ltr'>initio</span> <span class='ocrx_word' id='word_1_190' title='bbox 456 3783 655 3863; x_wconf 86' lang='lat' dir='ltr'>incitando,</span> <span class='ocrx_word' id='word_1_191' title='bbox 695 3784 884 3874; x_wconf 84' lang='lat' dir='ltr'>operantur</span> <span class='ocrx_word' id='word_1_192' title='bbox 910 3794 1048 3876; x_wconf 85' lang='lat' dir='ltr'>opium,</span> 
     </span>
     <span class='ocr_line' id='line_1_29' title="bbox 9 3885 1047 4000; baseline -0.015 -15"><span class='ocrx_word' id='word_1_193' title='bbox 9 3885 442 3996; x_wconf 53' lang='lat' dir='ltr'>cicutaysseuaaount&#39;,</span> <span class='ocrx_word' id='word_1_194' title='bbox 461 3908 570 3994; x_wconf 76' lang='lat' dir='ltr'>&#39;eaque</span> <span class='ocrx_word' id='word_1_195' title='bbox 584 3910 719 3986; x_wconf 82' lang='lat' dir='ltr'>omnia,</span> <span class='ocrx_word' id='word_1_196' title='bbox 742 3925 828 3994; x_wconf 86' lang='lat' dir='ltr'>quae</span> <span class='ocrx_word' id='word_1_197' title='bbox 844 3905 1047 4000; x_wconf 84' lang='lat' dir='ltr'>hydrogene</span> 
     </span>
    </p>
   </div>
   <div class='ocr_carea' id='block_1_7' title="bbox 0 0 1318 4782">
    <p class='ocr_par' dir='ltr' id='par_1_8' title="bbox 0 0 1318 4782">
     <span class='ocr_line' id='line_1_30' title="bbox 0 0 1318 4782; baseline 0 0"><span class='ocrx_word' id='word_1_198' title='bbox 0 0 1318 4782; x_wconf 95' lang='lat' dir='ltr'> </span> 
     </span>
    </p>
   </div>
  </div>
 </body>
</html>
