2606 4784
288 452 358 534 ¹4⁰
384 445 486 518 GAP.
496 447 563 530 ‚1v.
586 444 652 512 DE
665 437 997 522 IMPONDEllAB·
1012 441 1270 520 ACTIONEo

283 643 412 712 tollunt
435 647 613 728 utriusque
636 642 710 731 poli
727 640 919 710 efficaciam
934 648 1097 718 omnino,
1124 647 1187 726 qui
1208 663 1286 729 per·

224 755 231 762 ’
271 761 390 851 feeti3
415 762 476 826 alii'
490 767 528 826 in
546 759 712 826 conflictu
725 768 903 848 utriusque
920 749 994 850 p'oli
1007 759 1286 846 haudquaquam,

280 877 398 952 sedin
423 879 590 942 alterutro
615 878 697 968 polo
720 878 878 967 perfecte
899 877 1115 953 conducunt,
1143 882 1206 960 qui
1224 880 1286 940 im·

280 993 431 1083 perfecti
456 994 686 1060 conductores
708 993 861 1061 Ermauo
883 994 1057 1060 dicuntur.
1116 991 1254 1058 Idem'l
1272 1027 1285 1042 -

180 1091 183 1095 ⁵
281 1108 474 1202 gacilfimus
504 1108 703 1176 observator
733 1110 980 1175 animadvertit
1008 1113 1049 1174 in
1077 1108 1283 1193 quibusdam

282 1228 486 1314 corporibus
516 1223 718 1316 fingularem
745 1230 1014 1314 proprietatem,
1051 1231 1089 1290 in
1117 1224 1283 1291 conflictu

282 1335 461 1430 utriusque
485 1345 559 1434 poli
583 1345 806 1433 polaritatem
821 1337 1003 1428 utramque
1022 1345 1220 1422 retinendi,
1244 1360 1281 1410 ut

190 1527 192 1538 ,
280 1468 321 1530 iu
344 1482 449 1528 zonas
474 1464 574 1536 binas
598 1461 868 1549 dispertiantur,
896 1480 1039 1546 quarum
1056 1459 1165 1526 altera
1177 1481 1277 1550 nega-

281 1588 374 1658 tiva,
399 1582 508 1646 altera
528 1577 674 1670 politiva
696 1578 754 1646 eit.
806 1579 847 1644 Id
872 1585 966 1649 etin
987 1601 1075 1666 aqua
1090 1593 1126 1644 et
1142 1586 1180 1648 in
1195 1580 1275 1644 ione

282 1701 476 1768 cannabino
493 1701 743 1779 observatum,
793 1702 1001 1792 bipolarium
1029 1705 1273 1772 conductorum

279 1828 417 1892 nomini
444 1820 557 1910 ansam
595 1825 757 1910 praebuit
801 1821 910 1902 (Gilb.
942 1823 1032 1892 Arm.
1065 1823 1162 1890 VIII.
1199 1847 1271 1904 207.

279 1938 396 2006 XXII.
421 1931 536 2027 18s.).
589 1937 773 2006 Contraria
795 1935 851 2004 his
877 1937 926 2004 est
947 1938 1103 2006 efficacia
1121 1931 1273 2032 unipola·

280 2060 371 2132 rium
395 2055 668 2132 conductorum,
697 2059 775 2142 qui,
807 2055 889 2122 dum
913 2054 1050 2147 politivi
1074 2056 1173 2137 sunt,
1197 2059 1271 2124 alte·

260 2158 353 2242 'rius
377 2176 451 2264 poli
474 2175 630 2240 indolem
653 2181 691 2240 in
712 2174 746 2242 le
768 2181 961 2265 recipiunt,
996 2177 1139 2244 alterius
1166 2193 1271 2244 autem

280 2293 510 2381 impediuntr
535 2293 628 2378 quod
653 2293 696 2357 de
725 2291 865 2358 flamma¹
880 2291 1088 2386 praeprimis
1109 2291 1268 2365 Ermanus

213 2451 219 2466 ,
273 2413 536 2482 ,animadvertit
608 2409 689 2485 ,Alit
719 2412 917 2502 unipolares
949 2416 1184 2486 conductores
1203 2419 1268 2484 lunt

97 2599 100 2615 ,
189 2521 196 2537 “
278 2536 454 2622 negativi,
493 2534 552 2616 qui
574 2534 775 2620 negativam
793 2529 899 2600 solam
926 2533 1195 2604 electricitatem
1218 2513 1285 2604 eli·1

279 2655 395 2726 ciunt,
420 2644 600 2738 positivam
625 2667 708 2712 vero
724 2634 921 2736 impediunt
940 2663 1044 2735 atque
1061 2653 1284 2728 annihilans*

208 2785 223 2798 ⁸
278 2767 415 2858 saponis
439 2763 518 2830 sicci
531 2765 716 2854 exemplo.
733 2827 737 2844 ,
770 2762 832 2832 Sic
846 2757 938 2852 ¹aqua
960 2767 1066 2836 fluida
1084 2769 1133 2836 est
1153 2773 1283 2851 conde-v

279 2893 358 2950 otor
381 2881 568 2972 bipolaris,
589 2880 797 2972 ¹congelata.
809 2884 959 2972 impedit
980 2885 1182 2954 alterutrius
1201 2886 1264 2974 poli
1281 2939 1282 3011 i

280 2997 501 3078 efficaciam,
514 3009 550 3078 et
564 2999 623 3062 ubi
639 3002 791 3098 maxime
809 3000 1038 3090 expanditur,
1060 3014 1100 3068 ut
1118 3023 1179 3094 gas
1197 3003 1265 3066 iere

255 3113 257 3126 '
279 3117 480 3194 constituat,
500 3115 650 3204 impedit
664 3120 802 3180 iterum.
1280 3103 1281 3171 l

391 3233 559 3300 Chemica
596 3211 776 3298 columnae
816 3231 972 3308 efficacia
1002 3261 1080 3304 cunr
1111 3233 1280 3330 electrieal

276 3357 407 3424 nullam
429 3331 600 3432 ¹directam
623 3349 829 3430 relationem
850 3350 978 3422 habere
1000 3359 1149 3425 videtur.
1196 3349 1279 3422 ‘Si-⁴

275 3476 390 3546 mulae
408 3478 502 3539 enim
520 3468 692 3536 exstructa
710 3468 759 3534 est
776 3469 953 3550 columna,
981 3475 1146 3544 electrica
1161 3473 1278 3542 efficar

191 3601 194 3611 '
278 3599 333 3658 oia
346 3597 499 3659 martinia
514 3587 582 3664 est,
605 3586 772 3668 decrescit
789 3589 931 3669 deinde,
958 3591 1116 3662 chemica
1131 3597 1262 3662 interim

201 3709 212 3724 '
275 3708 394 3778 seufim
424 3719 524 3772 aucta
561 3702 700 3781 (Rircer
728 3712 765 3772 in
797 3709 881 3782 uile.
912 3710 1011 3778 Ana.-
1027 3713 1125 3780 XIII.
1153 3705 1258 3786 282.)-

277 3833 371 3912 lliuc
395 3833 499 3902 etiam
532 3824 695 3892 viderunt
722 3825 924 3920 Hilrngerus
952 3847 990 3906 et
1012 3833 1189 3904 Berzeljus
1214 3817 1276 3896 im*
