2580 4778
874 485 891 502 ..
967 426 1046 501 531
1161 519 1165 530 q

28 621 88 673 het
104 620 283 680 botanicus.
316 627 460 700 ,Accediu
481 621 614 694 quemvis
634 617 792 690 doctrinae,
804 614 938 672 cuiusvis
958 616 1055 670 culto·

27 737 124 791 rem,
148 725 203 779 nili
228 729 330 798 opifer
349 725 500 784 nominari
522 722 669 789 voluerit,
689 720 839 774 eruditum
861 721 917 773 elle
934 719 1054 786 debere,
1074 769 1077 775 .

27 823 95 875 five
123 831 329 898 cognoscere,
349 828 493 908 quidquid
515 823 551 875 ad
566 821 761 890 ipsiususque
776 830 904 874 aetatem
918 821 950 874 in
964 821 1055 875 disci-

29 926 149 995 plina,
171 930 344 986 ouinomen
362 934 460 996 dedit,
482 925 693 994 scriptumest.
745 922 1056 982 Hincbotanicorum
1137 972 1142 990 ,

31 1029 186 1096 omnium
201 1033 231 1085 id
246 1031 514 1095 fuitdeliderium,
533 1036 567 1080 ut
580 1024 705 1078 historia
719 1023 870 1078 universae
887 1025 950 1082 eius
965 1031 1055 1086 dioci-

32 1126 150 1196 plinae
164 1131 423 1196 conscriberetur,
447 1144 505 1197 qua
518 1125 579 1180 fata
593 1122 675 1190 eius,
695 1133 855 1204 augmenta
869 1123 1055 1194 cognitionis

31 1227 67 1278 in
92 1228 611 1300 qualibetaetate,2opti1norumque
627 1234 784 1278 auctorum
798 1224 876 1277 vitae
892 1233 921 1277 et
936 1225 1057 1294 invpnta

30 1343 253 1388 narrarentur.
268 1331 431 1396 Eiusmodi
446 1331 560 1384 librum
575 1331 675 1382 nostra
688 1328 835 1382 memoria
851 1339 938 1402 atque
954 1334 1066 1395 afGer-.

35 1431 165 1486 manico
189 1426 332 1504 magistro
354 1432 416 1485 eius
440 1429 619 1501 disciplinae
649 1429 763 1482 editum
788 1430 862 1497 elle,
894 1431 1057 1489 laetabitur

34 1531 143 1602 quivis
158 1533 317 1601 cordatus,
340 1533 460 1604 reique,
482 1533 517 1586 de
538 1549 596 1603 qua
612 1531 729 1602 agitur,
749 1530 863 1611 peritus
881 1530 979 1588 iudex.

150 1633 244 1687 Liber
266 1634 317 1686 hio
339 1652 356 1686 a
375 1635 507 1706 pristinis
534 1635 604 1686 inde
630 1631 817 1702 temporibus
841 1632 985 1690 inchoans
1012 1637 1055 1694 ita

34 1735 206 1808 dispositus
224 1737 279 1802 est,
300 1745 335 1790 ut
347 1736 531 1790 incunabula
549 1729 705 1798 doctrinae
719 1730 752 1784 in
767 1733 912 1789 Graeciae
926 1736 1055 1791 civitati-

34 1839 96 1892 bus
112 1835 271 1892 'uberrime
286 1846 432 1907 exponat,
454 1845 491 1898 ut,
502 1834 699 1904 Theophrasti
715 1852 748 1888 ac
765 1834 953 1890 Dioscoridis
970 1837 1055 1906 plan-

36 1948 107 2006 tas,
130 1935 227 2006 quoad
238 1934 309 1990 fieri
324 1934 441 2006 potuit,
463 1933 601 2004 explicet.
639 1934 717 1992 Dein
733 1953 804 1986 vero
818 1944 849 1988 et
861 1915 993 1990 Arabum
1006 1955 1055 1992 rea

38 2036 218 2092 herbariae
233 2033 390 2104 tenebris,
409 2035 517 2105 quihus
537 2035 654 2108 sepulta
673 2035 806 2104 iacebat,
826 2037 994 2108 promitur;
1016 2038 1055 2090 il·

44 2109 211 2191 lustrantur
232 2136 369 2205 plantae,
392 2151 465 2204 quae
482 2133 586 2204 pallim
603 2133 636 2186 in
655 2135 854 2205 scriptoribus
876 2137 966 2190 medii
988 2138 1056 2192 aevi

45 2244 225 2288 occurrunt.
271 2234 391 2286 Summo
413 2249 484 2284 vero
505 2233 599 2285 studio
621 2234 667 2290 rei
689 2234 846 2288 herbariae
867 2235 1056 2290 incrementa

41 2338 111 2406 post
133 2314 367 2390 renatasliteras
383 2333 426 2386 ita
439 2334 615 2405 traduntur,
637 2345 671 2390 ut
684 2345 782 2390 tomus
797 2337 912 2408 primus
929 2339 964 2391 ad
978 2341 1055 2393 Bau·
1123 2389 1125 2394 ,

32 2429 193 2488 ¹hinorum
214 2453 306 2504 usque
328 2443 456 2486 aetatem
470 2435 622 2502 procedat.

151 2541 253 2592 Altero
275 2558 346 2592 vero
366 2550 448 2591 tomo
469 2539 622 2609 lignantur
642 2540 705 2594 fata
726 2541 879 2596 doctrinae
906 2561 923 2595 a
943 2529 1055 2596 Bauhi-

33 2643 160 2696 'norum
180 2650 275 2693 aetate
297 2642 332 2693 ad
354 2639 483 2693 Linnaoi
504 2657 597 2710 usque
616 2642 742 2695 obitum.
781 2644 854 2698 Tria
867 2657 966 2699 autem
979 2647 1054 2700 haec

43 2743 191 2816 periodus
207 2743 297 2796 habet
309 2741 416 2808 stadia,
436 2759 565 2812 quorum
584 2742 716 2812 primum
730 2745 882 2799 saeculum
904 2748 1056 2803 decimum

43 2845 208 2914 septimum
237 2841 468 2913 complectitur,
501 2841 708 2911 phytotomiae
734 2853 763 2894 et
781 2845 968 2912 systematum
986 2849 1055 2902 fun·

43 2937 194 2994 dumentis
212 2939 286 3004 actis
303 2940 434 3008 infigne,
454 2939 614 3023 secundum
627 2949 755 2995 aetatem
768 2944 1055 3002 Tourneiortianam

44 3036 296 3111 comprehendit,
322 3031 447 3090 tertium
468 3039 681 3098 Linnoeanam.
720 3044 852 3111 Quodvis
873 3049 997 3100 stadium
1022 3050 1055 3104 iu

43 3147 179 3218 quinque
199 3141 263 3192 iere
284 3136 463 3208 dispescitur
483 3140 652 3210 lectionesp
667 3143 817 3211 inquibus
835 3149 993 3202 traduntur
1010 3153 1055 3218 iy-

44 3245 202 3296 stematum
221 3240 300 3303 fata,
329 3233 496 3306 patriarum
515 3237 687 3307 plantarum
711 3241 870 3311 examina,‚
896 3245 1055 3302 hortorum

42 3343 258 3398 hotanicorum
273 3339 411 3408 cultura,
433 3336 695 3412 peregrinationes
713 3339 892 3411 botanicaeJ
923 3347 1056 3417 denique

46 3445 218 3514 plantarum
237 3439 389 3493 anatomia
409 3447 439 3502 et
459 3436 654 3507 phyliologia.
692 3437 814 3491 Plantae
836 3458 853 3492 a
877 3446 981 3511 quovis
1003 3465 1054 3500 au.

47 3557 135 3601 ctore
161 3545 295 3614 primum
320 3543 472 3613 dispectae
494 3559 530 3592 ao
552 3539 719 3592 delineatae
741 3542 924 3610 systematico
948 3550 1054 3603 ordine

49 3655 280 3713 enumerantur,
299 3645 343 3698 ita
364 3653 396 3696 ut
417 3641 525 3710 primas
541 3640 606 3692 fere
621 3638 723 3692 icones
738 3642 869 3697 cuiusvis
883 3645 992 3702 herbae
1007 3651 1054 3704 in-

47 3743 229 3813 digitantur.
266 3744 356 3794 Usum
378 3739 451 3792 libri
472 3739 610 3791 adiuvant
629 3737 742 3792 indices
758 3745 947 3812 copiolillimi
962 3760 991 3803 et
1006 3768 1054 3806 va.

49 3846 107 3914 rii,
128 3857 193 3934 turp
208 3849 380 3918 pluiturum
399 3852 465 3920 tunt
486 3853 652 3928 auctorum.
