2644 4786
250 474 300 552 dc
572 465 932 562 INTROITUS
962 489 963 495 ’
1028 463 1031 486 ”

367 671 471 744 Haud
496 649 779 783 acquiescendum
804 670 852 744 est
869 673 1035 767 singulari
1051 666 1204 742 cuidam
1226 671 1292 738 ef-

251 789 447 875 ficientium
471 819 494 862 e
520 817 586 884 qua
600 777 794 887 peculiaria
811 794 875 861 sint
889 795 1136 885 phaenomena
1150 801 1288 881 expo·

249 918 386 1006 nenda,
429 915 488 986 sed
517 925 743 1009 cognationes
775 931 811 984 et
840 897 1080 992 similitudines
1110 910 1284 978 aliarum

250 1033 379 1102 virium
402 1039 441 1101 in
464 1055 582 1100 rerum
599 1031 820 1102 universitate
835 1033 911 1100 sunt
925 1031 1208 1106 examinandae,
1234 1041 1284 1094 ut

145 1159 163 1204 ἵ
249 1151 395 1216 tandein
417 1151 461 1216 ad
477 1150 715 1251 [universalem
736 1164 879 1218 naturae
904 1156 976 1218 vim
1000 1142 1281 1214 adscendamus.

209 1302 212 1311 2
249 1267 350 1338 Haec
374 1288 458 1337 vero
481 1267 656 1362 analytica
678 1261 874 1339 methodus.
890 1267 1076 1336 cautissime
1095 1263 1145 1332 est
1162 1266 1278 1342 adhi-

95 1423 98 1440 ·
150 1473 153 1478 .
204 1394 207 1405 ‘
250 1387 387 1464 benda,
415 1391 543 1476 quippe
568 1405 657 1471 quae
682 1387 815 1476 duplici
837 1385 1047 1476 potissimum
1068 1385 1175 1452 modo
1202 1386 1272 1450 de-

190 1502 192 1512 ’
250 1513 370 1597 cipere
393 1525 459 1570 nas
481 1499 592 1594 possit.
655 1503 796 1570 Etenim
823 1512 976 1596 primum
1003 1483 1170 1594 impediri
1196 1523 1291 1568 ne··

237 1630 346 1713 'quit‚
373 1629 456 1712 quin
472 1621 539 1689 hac
557 1619 683 1716 analyfi
698 1629 736 1690 in
752 1623 1011 1714 philosophiae,
1034 1644 1136 1711 quam
1160 1621 1268 1690 scho-

192 1733 195 1744 ’
249 1740 306 1809 lae
327 1741 524 1816 celebrant,
563 1743 752 1829 imperium
786 1742 1045 1831 confugiamus,
1088 1739 1268 1807 salebrosa

188 1925 195 1934 ,
250 1855 332 1926 satis
355 1862 469 1923 viaet
491 1853 589 1945 saepe
606 1861 802 1946 praecipiti.
844 1855 1093 1950 ‘Quamobrem
1113 1879 1291 1944 ιιιιοιιιο-Ι

184 2001 186 2012 “
250 1981 298 2048 do
322 1976 363 2043 srt
385 1972 605 2068 philosophia
619 1977 788 2052 utendum
796 2021 816 2054 ,·
831 1999 871 2044 ac
887 1980 987 2066 quale
1004 1976 1044 2044 fit
1059 1981 1267 2046 medicinae

250 2078 292 2164 ac
320 2091 561 2186 philosophiae
590 2100 859 2173 commercium,
894 2101 1055 2191 protinus
1088 2117 1265 2183 quaeren-

217 2236 223 2244 ’
255 2217 340 2282 dum
357 2210 414 2280 est.
779 2199 781 2206 ’

365 2333 458 2400 Cous
480 2329 604 2411 senex,
642 2351 745 2400 verae
768 2337 965 2407 medicinae
993 2349 1113 2406 auctor
1134 2331 1261 2402 stator·

212 2502 215 2508 η
250 2475 362 2559 que,
364 2451 575 2517 medicinam
598 2446 715 2539 aphil
716 2450 856 2542 osophia
880 2457 931 2520 ita
948 2451 1097 2520 seiunxit
1110 2457 1259 2542 penitus

249 2592 290 2640 ac
323 2543 512 2662 separavit,
560 2573 601 2633 ιιι
627 2575 738 2634 etiam
770 2570 850 2638 risui
881 2593 941 2640 eos
973 2575 1147 2650 traderet,
1195 2575 1259 2657 qui

248 2703 455 2790 utramque
464 2689 686 2780 disciplinam
713 2695 814 2756 unire
838 2691 1043 2782 satagerent.
1109 2692 1260 2782 Impulit
1299 2738 1301 2744 .

247 2824 364 2876 autem
389 2831 468 2876 eum
494 2808 537 2873 ad
570 2805 809 2896 philosophiae
839 2809 939 2874 illum
967 2815 1186 2900 contemtum
1208 2807 1259 2876 sa·

245 2934 401 3018 pientiae
425 2921 673 3016 professorum,
699 2943 784 3008 quos
810 2927 1091 3004 anastasium,
1123 2926 1258 2993 summa

246 3021 424 3112 discordia
451 3055 487 3109 et
510 3038 735 3143 perversitas,
758 3047 886 3132 quippe
913 3051 972 3131 qui
996 3039 1038 3110 ab
1058 3049 1257 3114 arbitrariis

246 3165 455 3228 commentis
479 3171 584 3244 atque·
603 3179 623 3220 a
636 3155 721 3225 vifis·
732 3165 848 3246 potius
868 3181 970 3246 quam
987 3183 1007 3227 a
1022 3167 1128 3230 certis
1142 3169 1258 3238 ¹rebus
1283 3143 1286 3150 ¹

245 3293 283 3346 et
325 3273 517 3367 exploratis
558 3271 798 3362 philosophiae
844 3279 1027 3344 exordium
1068 3264 1254 3348 ducerent.

243 3394 427 3488 Perspexit
443 3405 559 3460 autem
574 3382 799 3484 sagacisfimus
815 3393 939 3477 senex,
963 3405 1001 3462 ni
1017 3405 1043 3462 'a
1058 3397 1256 3468 manifestis

243 3517 348 3580 rebus
375 3525 411 3578 et
425 3515 567 3602 apertis
592 3511 788 3576 medicinae
809 3510 952 3581 scientia
967 3515 1162 3602 ordiretur,
1189 3519 1254 3584 dn·

243 3631 312 3697 biis
350 3631 602 3712 contrariarum
639 3638 811 3714 perpetuo
849 3633 1052 3718 opinionum
1085 3631 1253 3722 fluctibus

243 3751 412 3812 iactatum
437 3747 492 3808 iri.
548 3736 751 3828 Sapientiae
774 3755 893 3810 tamen
908 3763 1030 3820 verae,
1053 3769 1162 3832 quae,
1188 3751 1251 3816 do.

124 3927 129 3940 ,
244 3871 343 3943 nnius
358 3884 397 3932 ac
411 3857 635 3955 pessumdatis
649 3858 739 3946 quati
756 3863 916 3930 omnibus
932 3856 1149 3948 adfectibus,
1165 3869 1265 3936 bea«
1315 3943 1316 3948 ,
