2580 4778
255 487 329 580 aaa
367 491 452 563 arn
467 495 495 562 1.
545 489 612 562 nt
633 440 790 563 urlr
809 489 984 561 vrcrr.
1004 491 1183 562 roser.

255 691 372 758 dinem
386 696 610 780 porrigantur
624 711 664 756 ac
681 711 699 754 a
714 687 748 756 se
764 685 916 758 invicem
938 689 1140 756 discedant:
1167 713 1247 777 quae

253 810 392 897 quidem
417 821 566 880 externa
587 815 639 877 vis
654 807 677 874 si
695 809 739 873 ad
754 810 871 876 cordis
889 807 1080 876 efficaciam
1097 811 1245 886 accedit,

201 939 207 944 “
251 927 378 998 sufficit
400 935 542 995 omnino
565 921 759 994 admotum
778 927 951 1019 sanguinis
971 930 1246 1008 accelerandum,

253 1061 292 1118 nt
311 1049 472 1138 refugere
497 1048 540 1112 ad
564 1048 776 1137 peculiarem
791 1049 934 1116 vitalem
954 1056 1104 1116 arteriae
1119 1051 1243 1139 pulmo·

254 1170 344 1236 calis
368 1175 458 1246 vim,
484 1187 571 1254 quae
593 1173 719 1258 exigua
741 1165 790 1234 est
804 1165 847 1256 (§.
864 1169 987 1253 eoa),
1011 1162 1107 1236 haud
1129 1171 1242 1236 debea-

254 1310 341 1356 mus.
393 1287 490 1372 Cum·
505 1285 682 1378 spongiosa
708 1299 745 1352 et
767 1297 866 1355 aerea
888 1289 1095 1380 pulmonum
1116 1289 1242 1357 inssato·

255 1427 332 1474 rum
355 1402 757 1501 mollitudo'nulloosere
779 1405 884 1472 modo
910 1405 1059 1484 resistat,
1083 1407 1239 1474 facillime

254 1525 391 1612 sanguis
415 1527 539 1590 circuit
560 1527 598 1586 in
621 1523 658 1612 its
675 1521 805 1600 viscum
830 1523 911 1597 dum
928 1522 1095 1614 aspiratur
1114 1537 1186 1604 air,
1210 1542 1236 1597 et

255 1647 377 1710 insecti
399 1639 551 1727 liquores
574 1638 642 1708 stne
666 1641 737 1708 ullo
759 1649 902 1736 negotio
924 1643 1065 1712 inflatos
1086 1659 1158 1712 arte
1173 1648 1232 1735 pul·

254 1736 377 1828 mones
399 1774 604 1852 penetrant,
630 1773 667 1826 et
689 1757 803 1850 pulsus
827 1764 987 1830 celeritas
1010 1755 1154 1855 aspirato
1168 1778 1229 1832 aire

189 1864 191 1873 ¹
257 1894 412 1971 augetur.
488 1879 610 1968 Neque
642 1892 760 1947 tamen
777 1889 964 1974 *quispiam
988 1883 1082 1950 hanc
1115 1893 1221 1951 uuicam

258 1997 402 2064 caussam
418 2011 534 2063 motus
549 1995 664 2062 cordis
681 1997 869 2064 crediderit
885 2011 921 2066 et
937 1981 1143 2079 arteriarum,
1154 2023 1212 2066 cum

255 2128 313 2182 ter
337 2127 396 2180 aut
420 2126 542 2200 quater
556 2133 619 2182 cor
634 2125 815 2179 moueatur
828 2135 893 2204 per
907 2135 1012 2181 unam
1035 2118 1216 2208 aspirationis

258 2246 296 2300 et
318 2231 551 2322 respirationis
575 2227 833 2308 successionem,
859 2253 937 2298 cum
966 2239 1072 2299 etiam
1095 2243 1133 2304 in
1153 2236 1225 2301 foetu

180 2369 188 2383 ·
257 2355 375 2440 vigeat
389 2349 504 2452 cordis
520 2347 634 2414 motus
649 2333 900 2434 quiescentibus
916 2351 1149 2439 pulmonibus.
1175 2349 1228 2418 Sei

256 2465 524 2560 potentissimum
551 2464 617 2537 esse
639 2477 754 2532 motus
774 2464 889 2534 cordis
912 2469 1159 2556 adminiculum
1173 2472 1234 2561 pul·

255 2604 400 2656 monum
417 2591 610 2665 actionem,
624 2607 691 2652 nec
708 2583 912 2654 Bostockius
926 2597 1120 2682 negaverit.
1152 2591 1235 2659 Hinc

255 2705 403 2776 Robertl
419 2704 553 2774 Hookii
573 2717 611 2770 et
634 2703 803 2771 sociorum
823 2703 1091 2776 Londlnenslum
1114 2709 1276 2776 celebre

255 2831 556 2925 experimentum,
587 2843 674 2906 quo,
706 2818 878 2888 destructo
900 2819 1045 2890 thorace
1070 2839 1105 2894 et
1126 2832 1276 2918 genui-l

256 2939 312 3008 sris
334 2937 571 3026 respirationis
589 2941 750 3048 organis,
776 2947 796 3001 a
818 2937 897 3004 solis
919 2937 1051 3009 inflatis
1075 2945 1235 3034 pulmoni-

254 3059 321 3124 tus
351 3061 426 3123 vita
450 3055 564 3122 cordis
595 3053 758 3144 languida
787 3054 1045 3138 restitueretur,
1090 3061 1237 3151 pluribus

254 3173 332 3250 aliis
349 3127 450 3240 cellit
502 3166 605 3239 Unde
623 3183 658 3234 et
670 3181 789 3262 patet,
812 3186 940 3258 quanta
953 3151 1137 3242 nascantur
1150 3177 1238 3244 cordi

252 3291 491 3384 &spinisque
524 3295 634 3357 motui
664 3290 873 3356 detrimenta
903 3298 947 3357 ex
979 3293 1165 3364 obstructis
1190 3310 1240 3362 aut

251 3415 432 3502 imperalis
452 3411 689 3500 pulmonibus:
704 3415 875 3494 quamvis
891 3407 1067 3480 adsuesieri
1087 3439 1241 3482 nonnun-

162 3597 166 3610 ,
252 3551 353 3615 quam
379 3531 551 3620 sanguinis
573 3533 744 3594 minorem
760 3534 902 3637 copiam
908 3525 1080 3634 'traiectus
1095 3557 1162 3626 per
1177 3545 1241 3605 exs-

250 3671 352 3740 guanr
368 3650 569 3739 pulmonum
586 3651 784 3737 portionem
800 3623 1029 3719 orteivemis.
1054 3655 1105 3722 Ιιι
1118 3651 1241 3746 phthisi

166 3821 172 3828 .
252 3775 363 3847 enim,
402 3769 461 3834 ubi
488 3765 589 3833 exesa
617 3765 703 3832 est
685 3787 815 3860 angens
840 3773 913 3835 eius
938 3769 1081 3839 visceris
1107 3785 1241 3870 portio,

247 3909 358 3976 pauca
380 3894 486 3954 etiam
506 3886 684 3979 sanguinis
715 3893 817 3978 ccp'la
839 3902 1003 3981 generata
1024 3901 1149 3982 paucis
1173 3897 1242 3990 pro
