2538 4784
243 519 318 604 420
370 505 501 584 nur.
553 504 620 582 nn
638 508 791 606 urar
816 511 998 630 racana
1014 513 1205 586 annor:

245 705 463 788 cohaerent,-
479 715 593 777 minus
616 727 699 776 vero
715 711 758 776 ad
778 699 923 801 ¹septum.
975 707 1114 778 Lacerti
1129 712 1244 802 papii·-

242 831 333 899 lares
356 829 413 896 his
434 828 594 896 musculis
618 829 819 917 praesertim
844 829 889 894 ad
905 841 1019 896 ortum
1037 838 1183 896 arteriae
1198 833 1235 898 il·

241 945 308 1016 sius
325 947 537 1016 formantur:
560 945 714 1034 reliquae
733 947 838 1014 fibrae
855 946 1060 1014 muscidosae
1078 949 1234 1017 fasciatae

238 1065 330 1147 sunt,
345 1065 538 1134 transverso
548 1066 742 1152 ·obliquae,
757 1071 853 1132 varie
869 1065 1085 1145 reticulatae,
1100 1069 1234 1136 lacuno-

239 1183 316 1264 sae,
330 1190 368 1250 in
383 1181 531 1249 chordas
547 1191 605 1246 aut
622 1180 679 1246 fila
696 1182 921 1274 cartilaginea
939 1181 1127 1264 abeuntes,
1154 1207 1233 1273 quae

123 1331 126 1346 ·
240 1299 381 1368 firmant
399 1297 551 1366 valvulas
567 1301 665 1362 atrii,
701 1298 822 1384 Itaque
837 1300 1082 1388 imperfectior
1096 1300 1148 1368 est·
1158 1325 1240 1370 ven-

240 1415 359 1486 t'riculi
375 1421 559 1484 anterioris
575 1415 741 1481 formatio
758 1438 858 1502 quarn
876 1417 1088 1506 posterioris.

352 1535 459 1601 Eiicit
484 1544 598 1600 autem
628 1537 767 1600 ornnem
791 1558 836 1602 ex
860 1542 949 1604 atrio
973 1538 1031 1606 suo
1056 1555 1226 1631 acceptum

234 1655 448 1748 sanguinem
465 1657 503 1720 in
526 1651 729 1741 pulmones,
760 1675 863 1741 quem
886 1659 931 1723 ob
956 1658 1155 1726 lacunosum
1174 1683 1222 1750 pa·

237 1779 366 1841 rictum
387 1771 577 1847 ambitum,
599 1770 646 1834 ob
659 1775 826 1838 maiorem
846 1753 1097 1864 capacitatem,
1122 1781 1163 1844 ob
1176 1798 1221 1844 va·
1262 1815 1263 1820 κ

235 1899 327 1959 riam
346 1896 515 1959 ‘venarum
538 1887 766 1954 directionem
789 1891 901 1956 multo
929 1899 1094 1961 exactius·
1108 1897 1212 1962 miscet.

237 2007 400 2078 Arteriae
416 2003 624 2096 pulmonalis
637 2002 761 2070 'ostium
778 2011 931 2096 cingitur
951 2009 1202 2084 conoarterioso,

35 2109 42 2124 ⁴
125 2191 132 2204 ,
239 2129 429 2196 custoditur
453 2137 568 2190 autem
591 2123 736 2191 valvulis
757 2127 868 2194 tribus
891 2127 1208 2200 semilunaribnsno-

188 2241 191 2251 ’
216 2225 383 2344 atriolis,
404 2240 527 2328 quibus
544 2243 816 2354 omnisiomnino
832 2241 983 2331 relapsus
1004 2245 1216 2338 sanguinisin

121 2371 128 2400 '
237 2355 469 2436 ventriculum
495 2359 728 2450 praepeditur.
795 2360 838 2426 In
861 2363 980 2428 aribus
998 2366 1043 2430 ob
1066 2365 1217 2460 insignem

235 2487 406 2582 ambitum
447 2483 580 2546 viarum
619 2479 843 2546 aeriferarum
887 2482 1025 2548 accedit
1060 2485 1224 2552 musculus
1261 2507 1262 2576 l

233 2593 465 2688 subtriqueter
494 2595 611 2663 firmus
642 2595 776 2675 tensus',
810 2617 911 2685 quem
939 2598 1230 2672 Blumenbachiur
1261 2591 1262 2606 ἶ

160 2748 163 2754 ’
233 2725 374 2814 egregie
391 2711 564 2805 descripfit
588 2713 829 2797 (commentae.
837 2713 914 2803 soc.
930 2717 1022 2785 (ilict.
1039 2715 1097 2788 IX.
1120 2717 1225 2805 128.).

693 2910 775 2998 a82.
799 2991 801 2998 .

346 3059 571 3134 Ventriculus
593 3060 762 3154 posterior
786 3037 834 3132 ab¹
855 3029 1022 3138 auteriori
1044 3069 1232 3166 distingui·
1261 3079 1262 3169 i

19 3161 22 3168 ⁸
113 3243 115 3248 ,
220 3173 291 3250 tur
312 3179 427 3272 septo»,
452 3179 568 3273 paullo
589 3186 699 3272 magis
719 3181 835 3248 versus
856 3189 1066 3263 anteriorem
1082 3191 1232 3258 inclina·

231 3313 289 3378 to,
322 3298 524 3378 firmissimo,
557 3299 652 3366 fibris
668 3298 874 3368 -musculofis
898 3309 1028 3394 rectius
1052 3311 1234 3378 tendenti·

231 3417 295 3480 bus
318 3415 512 3482 reticulatis
533 3413 698 3480 lacunolls
720 3415 895 3486 instructo.
929 3502 930 3510 ἵ
973 3417 1142 3492 Lacunae
1170 3451 1233 3499 eae
1260 3479 1261 3510 ;

228 3535 367 3602 vetarea'
383 3534 614 3623 deceperunt,
636 3547 675 3597 ut
691 3534 756 3623 pro
771 3542 863 3602 veris
884 3516 1119 3610 foraminibus
1142 3555 1233 3614 acci·
1260 3535 1261 3544 ἵ

124 3713 133 3726 ,
227 3662 373 3742 parent,
399 3669 485 3734 quae
507 3646 704 3738 sauguinem
728 3669 772 3715 ex
794 3645 904 3720 altero
919 3659 960 3720 in
977 3655 1133 3726 alterurn
1148 3687 1234 3731 ven·
1260 3721 1261 3724 ,

229 3769 393 3870 tricolum
420 3770 677 3853 transmittant,
711 3767 768 3833 sed
790 3785 930 3858 praeter
951 3773 1174 3848 testudinem
1198 3791 1236 3852 iu
1260 3755 1261 3770 ³

227 3889 325 3959 nullo
354 3886 560 3980 perfectiori
591 3886 732 3954 animali
757 3897 929 3979 pervium,
947 3891 1036 3962 esse.
1051 3895 1235 3980 hactenus
